3317 4900
288 471 333 567 36
461 427 1045 568 ’--’.8.Ηιι,ΑιειιΥ
1189 487 1193 496 ·

286 628 533 728 proximisque
552 625 656 717 hujus
679 622 851 720 significat
871 625 1049 708 civitatis,
1084 634 1235 717 propter
1260 645 1357 719 quos

287 751 414 830 pacem
431 727 475 800 de
490 747 532 800 oa
548 728 693 799 locutus
710 724 777 798 cst:
803 739 844 797 ut
863 724 1047 797 audientes
1066 723 1207 817 seipsos
1224 725 1261 799 in
1273 729 1357 799 aedi·

287 828 409 906 ficium
435 825 730 900 consummandae
754 826 860 916 hujus
881 825 1038 904 civitatis
1056 840 1232 916 aptarent.
1283 827 1355 899 Sed

289 930 350 1022 qui
371 947 496 1021 pacem
511 938 662 1022 propter
677 923 825 1015 fratres,
852 923 1126 1017 &propinquos
1149 923 1231 998 suos
1249 926 1294 1024 sle
1314 948 1358 999 ea

289 1029 469 1120 loquitur,
509 1025 648 1098 civitati
674 1024 788 1099 eidem
809 1038 961 1117 propter
986 1024 1131 1097 domum
1156 1025 1227 1098 Dei
1257 1028 1356 1099 bona

290 1128 441 1222 quaerit,
470 1125 610 1200 dicens:
640 1127 772 1219 Propter
786 1125 909 1194 domum
926 1128 1058 1194 Domini
1077 1129 1141 1196 Dei
1153 1132 1213 1196 mei
1226 1126 1355 1220 questui

291 1227 456 1301 bonatibi.
508 1223 657 1298 Civitati
673 1243 761 1318 ergo
772 1224 869 1297 bona
882 1236 1032 1316 propter
1046 1224 1192 1297 domum
1202 1223 1357 1299 Domini

291 1326 432 1422 quaesrta
450 1323 540 1400 sunt
598 1323 818 1396 Discernens
836 1324 929 1397 enim
944 1324 1092 1416 gloriam
1108 1324 1236 1400 domus
1251 1323 1358 1399 Dela

292 1427 451 1502 civitatis
462 1422 707 1515 universitate,
735 1426 816 1515 qula
831 1421 971 1496 necelle
982 1424 1032 1495 est
1042 1438 1209 1498 ornatum
1225 1424 1358 1498 domus

290 1527 413 1626 regiae,
440 1519 667 1597 aedificationi
684 1524 844 1596 civitatis
853 1525 965 1596 totius
976 1523 1145 1596 anteferri
1156 1547 1175 1611 ς·
1195 1524 1359 1614 quaesrvit

290 1631 391 1704 bona
409 1624 525 1699 eidem
541 1621 692 1698 civitati.
754 1621 911 1698 Primum
929 1624 1023 1696 enim
1038 1622 1188 1715 fratres,
1220 1623 1358 1719 &pro-

291 1726 416 1824 pinqui
429 1723 511 1798 eius-
521 1742 586 1815 per
604 1722 893 1815 praedicationem
904 1723 1000 1813 pacis
1014 1719 1095 1794 faui
1109 1720 1189 1796 sunt
1203 1722 1357 1797 Domini

293 1826 434 1900 civitas.
481 1819 650 1896 Secundo
669 1842 762 1895 vero
776 1822 904 1894 civitas
921 1819 991 1912 ipsa
1003 1822 1074 1912 jam
1090 1843 1134 1894 ex
1144 1824 1355 1915 propinquis

293 1926 393 2020 ejus,
418 1919 641 1998 &fratribus
657 1920 871 2004 constituta,
903 1921 1048 1993 audiens
1065 1921 1269 2016 dignitatem
1289 1923 1356 1995 do·

292 2048 371 2101 mus
390 2023 460 2100 Dei
477 2017 605 2096 (lomus
627 2019 743 2094 omnis
760 2018 830 2092 Dei
848 2017 917 2113 ipsa
935 2019 1005 2092 elle
1022 2023 1244 2113 properavit.
1294 2021 1357 2095 Ac

291 2125 340 2200 lic
366 2122 506 2196 civitati
523 2121 609 2194 huic
631 2117 772 2211 quaesrta
793 2117 1006 2210 lumbum,
1045 2121 1128 2193 dum
1143 2144 1187 2193 ex
1204 2123 1356 2195 civitate

293 2222 446 2299 Domini
461 2224 499 2294 in
515 2220 660 2294 domum
673 2220 740 2290 Dei
754 2214 921 2310 proficit3
948 2218 1242 2294 secundum'illud
1255 2220 1359 2313 Apo·

292 2323 390 2398 stoli:
416 2324 500 2395 Vos
519 2317 599 2391 estis
614 2320 785 2409 templum
803 2316 894 2410 Dei,
921 2319 1116 2411 &Spiritus
1133 2319 1282 2395 Domini
1295 2323 1356 2394 ha·

292 2427 385 2498 bitat
400 2425 436 2494 in
457 2421 576 2494 vobis.
633 2418 764 2493 Fidelis
786 2419 880 2493 enim
898 2417 968 2510 est,
995 2422 1053 2511 qui
1072 2420 1138 2491 ait:
1166 2418 1269 2493 Pater
1284 2441 1355 2514 pro

217 2564 222 2583 ι
292 2526 348 2597 his
368 2540 404 2595 te
424 2540 536 2615 rogo:
565 2533 607 2591 ut
625 2540 751 2595 omnes
769 2538 879 2592 uuum
895 2520 1018 2609 fimus,
1056 2541 1125 2616 ego
1141 2521 1177 2592 in
1195 2522 1283 2610 illis,
1321 2522 1358 2593 &

293 2639 334 2694 tn
351 2626 385 2694 in
405 2643 478 2693 me:
506 2619 686 2692 Dominus
702 2615 823 2691 noster
837 2617 934 2711 jesus
951 2619 1131 2710 Christus,
1157 2622 1215 2712 qui
1234 2621 1357 2695 estbe-

293 2720 452 2795 nedictus
473 2721 510 2792 in
531 2717 881 2815 seculaseculorum.
931 2717 1060 2793 Amen.
1114 2798 1117 2803 ,
1361 2759 1364 2762 «

259 2954 264 2975 ἰ
301 2925 1354 2949 ψκΜ

679 3077 969 3130 INCIPIT

540 3201 910 3280 rsnnmus
962 3174 1117 3279 cxxc

423 3324 516 3429 ux
551 3357 790 3428 conrcn
835 3353 1230 3432 Vuromnmsr.

400 3621 406 3632 .
518 3550 689 3628 Feliciter
715 3549 903 3625 Canticum
930 3549 1125 3630 Graduum.

358 3721 474 3776 aetorus
494 3702 562 3791 [um
586 3707 623 3772 in
646 3704 718 3789 his,
752 3727 819 3799 qua
837 3700 922 3773 dalla
941 3697 1022 3796 fimr
1042 3703 1144 3790 mihi,
1177 3706 1215 3773 in
1231 3704 1354 3775 domum

386 3801 654 3876 Dominit'bimus.
1210 3872 1213 3879 ,
1315 3828 1320 3859 ·'

304 3988 310 3997 ι
392 3905 482 3999 Quis
499 3902 558 3995 spe
574 3898 736 3974 coelestis
755 3900 913 3973 deiiderii
935 3914 1093 3994 tenetur,
1121 3903 1209 3977 nihil
1228 3899 1354 3976 obscu-

289 4003 403 4074 ritatis
426 4006 461 4073 in
481 4002 554 4075 hoc
576 4001 714 4095 spiritus
733 3996 868 4073 Psalmo
894 4000 1056 4073 habebitr
1095 4023 1247 4093 namque
1268 4022 1364 4089 cunt¹

286 4104 322 4193 se
342 4102 543 4203 meminerit
557 4098 725 4197 scripturn
740 4101 991 4196 cohaeredem,
1002 4100 1052 4195 ¹&
1068 4101 1212 4181 smilem
1226 4101 1355 4201 ¹Ange„-

1146 4212 1156 4229 '
1200 4203 1302 4298 ‘lis,
