3317 4900
347 459 349 467 ·
424 419 884 528 Commentariorum
918 418 1187 494 Mantinon.
1261 441 1334 514 479

273 601 354 662 non
374 581 503 658 suerat.
560 578 656 654 Nam
673 576 850 654 discellilse
871 579 985 653 statim
1000 580 1083 651 hinc
1101 579 1332 675 intelligitur,

274 684 376 779 quod
402 702 482 755 cum
503 680 617 753 turbis
635 677 798 753 reversus
819 678 1028 754 ostenditur.
1093 677 1225 770 Neque
1253 679 1333 752 sane

272 788 401 861 bibere
414 801 495 854 cum
517 779 681 853 Domino
696 792 863 872 poterat,
890 781 949 870 qui
967 798 1043 852 non
1061 795 1139 851 erat
1157 780 1333 852 bibiturus

272 887 315 959 in
334 902 473 981 regno:
508 900 589 953 eum
616 876 841 969 universos,
866 893 953 954 tunc
981 881 1145 952 bibentes
1170 900 1215 950 ex
1247 879 1333 952 vitia

272 983 373 1058 istius
405 978 542 1060 noua,
566 977 755 1056 bibituros
785 976 902 1054 secum
934 978 1058 1072 postea
1088 978 1335 1071 polliceretur.

278 1087 469 1178 Humanoque
486 1077 595 1162 ditia,
619 1083 658 1148 r‘n
678 1092 813 1148 mmm
832 1078 944 1170 rtuerfi
957 1079 1050 1168 sunl.
1101 1075 1334 1152 Consumma-

274 1186 325 1258 tie
349 1180 483 1256 scilieet
501 1176 674 1252 universis
693 1176 900 1253 divinorum
916 1177 1166 1271 mysteriorum
1189 1179 1335 1252 virtuti·

271 1286 375 1374 bus,
410 1280 539 1378 gaudio
568 1277 602 1350 u
623 1273 863 1353 exsultatione
884 1278 1067 1354 communi
1087 1280 1126 1352 in
1154 1276 1333 1355 celestem

274 1382 428 1482 gloriam
440 1375 652 1454 efferuntur.

304 1610 308 1619 ·
357 1599 389 1672 3.
415 1574 561 1650 Futurae
582 1591 728 1666 quoqne
746 1591 811 1648 eoa
836 1569 1051 1648 infirmitatie
1067 1572 1276 1666 admonuit,
1300 1573 1335 1650 dr

274 1675 385 1754 noete
412 1677 535 1750 eadem
556 1694 682 1748 omnes
709 1689 808 1748 metu
835 1686 942 1766 atque
963 1670 1175 1747 infidelitate
1191 1675 1336 1747 turban-

220 1861 228 1870 ,
273 1779 355 1862 doe.
405 1775 515 1870 Cujus
531 1776 584 1847 rei
599 1768 687 1848 fides
706 1774 812 1848 etiam
830 1772 1041 1848 audioritate
1057 1774 1256 1868 prophetia
1270 1797 1334 1846 ve·

220 1883 223 1894 “
271 1879 363 1954 teris
380 1876 663 1955 continebatur,
694 1870 859 1965 perculso
882 1871 1023 1967 pastore
1046 1893 1139 1948 ovea
1156 1871 1226 1945 elie
1241 1872 1334 1966 spar-

272 1974 428 2074 gendae:
452 1971 488 2048 se
504 1987 623 2049 tamen
636 1972 877 2070 resurgentem
893 1973 931 2047 in
954 1970 1134 2050 Gallinam
1152 1972 1335 2066 praeceliu-

270 2095 355 2149 rum
370 2070 462 2164 eise,
487 2087 530 2146 ut
540 2067 781 2148 infirmitatem
797 2069 923 2150 eorum
931 2068 1121 2244 {pandone
1135 2074 1270 2146 reditus
1285 2072 1337 2150 sui

274 2169 535 2248 consolaretur.
592 2169 663 2244 Sed
684 2169 810 2246 Petrus
836 2191 906 2265 pro
959 2171 1017 2245 dei
1040 2167 1108 2246 suae
1136 2173 1258 2246 calore
1279 2195 1335 2246 re·

273 2271 442 2368 spondit,
467 2271 598 2346 ceteris
612 2270 700 2346 lieet
717 2268 1064 2364 scandalizantibus,
1088 2291 1280 2363 numquam
1298 2272 1335 2348 se

220 2381 223 2390 '
272 2372 604 2451 scandalizaturum.
662 2367 862 2449 intantum
887 2368 1335 2449 enim&affediu&cari.

220 2488 226 2557 ζ
271 2488 354 2549 tate
376 2470 506 2565 Christi
524 2468 766 2565 efferebatur,
791 2470 892 2545 ut&
914 2472 1195 2547 imbecillitatem
1217 2474 1333 2551 carnis

271 2572 377 2666 suae,
417 2568 576 2647 &fidem
595 2573 791 2645 verborum
809 2570 960 2647 Domini
984 2592 1061 2647 nen
1076 2586 1334 2648 contueretur:

274 2672 484 2764 quasivero
503 2668 594 2747 ditia
615 2670 691 2762 ejus
709 2666 892 2745 efficienda
909 2692 986 2745 non
1004 2668 1126 2746 essent.
1177 2669 1244 2744 Cui
1267 2675 1334 2751 ait:

276 2776 378 2849 Prius
391 2795 485 2869 qaam
494 2775 594 2867 gasat
612 2787 741 2862 canter,
767 2788 817 2842 rer
835 2796 884 2843 me
899 2771 1035 2865 negabis.
1088 2769 1157 2844 Sed
1170 2784 1241 2847 tarn
1257 2774 1333 2867 ille,

271 2890 382 2966 quam
400 2872 511 2944 ceteri
532 2892 579 2945 ne
594 2871 721 2943 mortis
739 2869 881 2961 quidem
899 2886 999 2946 metu
1018 2868 1221 2947 decessuros
1239 2870 1275 2947 se
1287 2875 1335 2947 de

269 2969 495 3048 confellione
507 2971 661 3046 nominis
673 2967 722 3042 sui
735 2969 979 3064 pollicentur:
1006 2972 1049 3045 ad
1069 2991 1213 3047 omnem
1237 2974 1333 3049 enim

268 3071 312 3249 {e
337 3069 517 3145 ministerii
542 3067 801 3165 constantiam,
826 3071 1004 3167 intrepida
1025 3068 1110 3153 fidei
1137 3072 1333 3149 voluntate

301 3184 516 3249 amaverant.
1286 3220 1293 3227 -
