3317 4900
331 467 406 555 3⁶2
664 441 1061 530 &littam

335 631 414 710 quae
428 623 490 686 aut
510 613 686 703 inanima,
714 628 776 687 aut
793 611 1051 690 irrationabilia
1066 610 1169 712 sunt,
1193 616 1314 713 qualis
1335 618 1408 700 lau·

335 709 550 809 datioellet,
578 711 748 802 ostendit,
773 714 914 788 dicens:
943 722 1023 810 Qua
1035 718 1408 820 faciuntuerbumejm3

332 831 378 890 ut
391 837 436 890 ex
454 835 523 903 eo,
557 812 656 905 quod
671 815 707 886 in
730 813 826 887 hunc
844 811 1047 892 officiorum
1062 815 1208 895 suorum
1226 821 1300 896 sint
1316 825 1406 896 ordi·

333 935 417 992 nem
432 909 646 1005 constitura,
672 917 892 1008 preconium
908 916 1006 1011 ejus,
1033 937 1142 1012 aquo
1161 922 1215 994 ita
1229 915 1304 995 lint
1319 923 1406 998 insti·

331 1031 434 1108 tuta,
458 1013 645 1087 testentur.

435 1134 470 1208 7.
495 1111 654 1209 Regibus
672 1133 780 1205 uero,
808 1111 988 1190 &ceteris
1003 1117 1077 1192 aliis
1094 1127 1285 1211 tamquam
1305 1119 1405 1198 ratio·

331 1219 388 1296 mis
415 1213 664 1303 consortibus,
702 1212 778 1286 hac
802 1213 968 1288 laudandi
996 1215 1097 1290 causa
1122 1221 1324 1314 proposrta
1348 1221 1402 1298 est:

332 1321 424 1412 Quia
442 1317 617 1387 exaltatum
642 1312 812 1411 clinamen
831 1320 897 1412 ejas
911 1315 1026 1406 salias,
1058 1317 1211 1409 canfefflo
1229 1327 1305 1417 ejus
1319 1324 1402 1420 fiaper

332 1420 438 1492 talam
463 1414 501 1491 (⁴5
525 1429 656 1487 terram.
714 1406 763 1486 Et
781 1414 849 1486 hac
870 1415 1012 1506 quidem
1027 1417 1126 1492 Deus
1144 1438 1279 1516 regum
1297 1423 1335 1497 u
1350 1443 1403 1518 po

329 1521 515 1616 pulorum,
542 1515 576 1585 ἃ
595 1515 810 1606 principum,
838 1513 871 1586 δι
881 1513 1054 1610 judicum,
1083 1519 1284 1598 &aratum
1299 1525 1403 1599 omni·

329 1637 392 1694 um
417 1615 677 1688 constitutione
701 1616 885 1688 laudabilis
911 1611 982 1707 est,
1021 1619 1102 1708 quia
1125 1620 1303 1698 humanae
1329 1629 1403 1698 vita

329 1715 469 1792 cursum
486 1716 548 1786 tali
562 1707 786 1790 diversorum
805 1707 1007 1789 officiorum
1026 1722 1309 1811 temperatione
1329 1744 1403 1798 con·

265 1813 271 1820 ’
327 1819 454 1892 tineat.
504 1811 644 1888 Tamen
660 1816 741 1906 quia
758 1816 874 1887 omnis
888 1812 1049 1908 superior
1065 1819 1234 1895 laudatio
1260 1823 1401 1898 beatiil·

326 1917 397 1994 lius
419 1912 520 2014 regni
539 1926 681 2007 tempus
697 1913 874 2003 ostendir3
900 1913 992 1987 hanc
1014 1913 1152 1994 causam
1172 1919 1301 1997 laudis
1322 1923 1401 2018 adje·

328 2021 398 2094 eit:
435 2021 525 2111 Quia
547 2017 722 2086 exaltatum
748 2013 788 2110 esi
810 2037 924 2083 namen
942 2020 1010 2106 ejus
1018 2018 1127 2107 solius.
1187 2015 1300 2099 Tum
1320 2025 1401 2099 enim

325 2113 430 2196 Deus
446 2133 539 2188 unus
554 2112 664 2186 'etiam
684 2114 727 2185 ab
743 2111 867 2184 invitis
883 2109 916 2185 a
932 2115 1157 2212 intelligitur,
1189 2120 1229 2194 bt
1245 2125 1399 2216 videtur,

325 2222 481 2314 religato
499 2215 662 2304 diabolo,
690 2213 723 2284 ἀ
743 2209 874 2310 angelis
890 2213 965 2305 ejus
983 2232 1094 2308 paene
1109 2239 1196 2294 cum
1215 2239 1267 2295 eo
1284 2223 1397 2299 aeternl

324 2321 339 2396 i
364 2322 418 2394 nis
434 2313 599 2406 addlilis,
633 2313 785 2387 &omni
805 2313 1010 2406 spiritalium
1031 2319 1286 2408 nequitiarum
1306 2339 1398 2420 pote·

324 2337 416 2497 tiata
440 2416 595 2502 sublata;
635 2433 717 2489 cum
737 2413 809 2506 lam
830 2432 906 2488 non
924 2430 1131 2512 peccatum,
1171 2437 1258 2497 non
1279 2443 1396 2518 mors,

325 2512 884 2597 nanterrenushicmundusfir.
937 2515 1122 2591 Aitenim:
1153 2524 1395 2624 Confeffiuaju

321 2622 416 2715 super
433 2619 540 2687 caium
558 2615 596 2689 Θ
615 2632 751 2700 terram,
786 2615 824 2690 U
842 2612 1006 2687 exaltavit
1021 2639 1118 2688 cornu
1136 2622 1349 2718 papulisur'!
1367 2620 1394 2700 id

323 2720 397 2811 ast,
431 2718 469 2790 in
491 2714 555 2789 illo
576 2713 690 2788 beata
714 2712 873 2786 civitatis
892 2716 987 2787 illius
1010 2711 1150 2810 seculu,
1191 2724 1260 2797 ubi
1287 2740 1394 2800 cornu

321 2819 450 2914 populi
467 2811 516 2888 sui
531 2817 709 2888 Dominus
722 2814 921 2906 exaltabit,
949 2816 982 2888 u
1001 2817 1330 2913 incorruptionem
1348 2824 1394 2917 ei,
1450 2876 1454 2886 .

322 2934 401 3011 quae
416 2908 632 3012 significatur
646 2915 682 2987 in
702 2934 840 3004 cornu,
866 2931 931 3005 per
947 2917 1126 2991 honorem
1142 2918 1394 3001 immortalita·
1448 2938 1454 2980 ⁴

319 3021 367 3095 tis
387 3018 581 3109 impertiet.
632 3010 1391 3100 Tumenimcoelumnouumbtterranoua

320 3118 403 3206 etit,
429 3134 509 3190 cum
519 3115 572 3191 his
583 3108 811 3209 presentibus
823 3110 1003 3187 dissolutis
1019 3135 1119 3190 nova
1132 3118 1196 3194 illa
1214 3123 1249 3196 δι
1266 3140 1389 3201 aeternr
1447 3139 1454 3180 ⁴

319 3214 526 3294 succedent.
576 3210 848 3289 lbeoconfelsro
861 3199 937 3303 eius
952 3209 1054 3307 super
1070 3218 1201 3299 celum
1218 3225 1387 3299 &terram
1443 3212 1454 3285 i

317 3318 509 3394 reddetur:
536 3313 848 3407 quianoninhoc
865 3309 1000 3405 seculo,
1027 3322 1384 3413 nequeinlrocaere,
1444 3330 1454 3385 :

317 3412 378 3495 sed
401 3418 439 3492 in
462 3411 703 3511 superioribus
731 3412 823 3489 locis
849 3408 950 3489 sedes
973 3417 1068 3491 beati
1090 3417 1186 3495 illius
1213 3428 1327 3523 regni
1348 3420 1383 3501 el

318 3518 526 3595 constituta.

421 3627 453 3698 a.
477 3611 526 3690 lit
538 3611 716 3708 quiaillud
728 3608 937 3690 Sannorum
953 3608 1004 3690 est
1017 3633 1180 3714 regnum,
1210 3637 1284 3710 per
1299 3615 1380 3715 qual

316 3733 489 3814 regnante
505 3713 670 3792 Domino
683 3717 726 3789 ad
738 3717 883 3788 beatum
898 3734 1045 3812 regnum
1058 3717 1128 3788 Dei
1142 3724 1260 3809 patris
1277 3724 1379 3796 ascen·

316 3814 426 3905 desta
453 3815 623 3894 Psalmum
634 3816 683 3889 ita
696 3811 878 3909 Propheta
894 3815 1088 3890 conclusit:
1120 3818 1378 3911 Hymnusamm·

315 3914 370 3988 ius
392 3919 522 3989 Sansiir
547 3922 635 4016 rjus,
665 3917 750 4006 filiis
774 3915 873 3986 Israel
890 3917 998 4013 populo
1020 3922 1303 4015 appropinquanti
1317 3924 1375 4020 fili.

314 4014 526 4093 Saniiorum
552 4014 669 4091 omnis
696 4014 755 4089 hic
770 4012 925 4106 hymnus
943 4012 1014 4108 est,
1051 4014 1110 4107 qui
1127 4014 1275 4113 Deum,
1314 4036 1378 4098 noa

312 4131 356 4195 ut
376 4121 487 4196 ceteri
508 4137 611 4219 reges
628 4131 690 4194 aut
710 4115 911 4212 principes,
945 4128 1006 4191 aut
1022 4114 1186 4216 ludices,
1220 4140 1298 4216 pro
1317 4122 1377 4195 uir·

269 4264 288 4340 p
1115 4299 1117 4302 ,
1242 4220 1334 4298 tutia
