3317 4900
444 441 826 519 Consternantur·
857 459 905 518 ru
939 443 1204 519 Matrinum.
1241 479 1244 484 ·
1278 463 1351 537 ⁴73

296 593 438 683 riritrbi
459 606 591 680 aditum
608 617 749 702 rogant.
801 605 943 704 Quibus
960 602 1196 694 respondetur
1213 626 1233 677 t
1249 601 1353 695 spon·

296 707 365 798 so,¹
384 707 467 797 quia
480 707 580 795 nescio
598 729 667 777 vos.
717 704 809 778 Non
826 705 969 780 enimin
986 703 1109 780 officio
1125 703 1351 777 advenientia

276 803 508 894 ¹adfuerunt,
546 823 665 897 neque
687 803 729 876 ad
749 825 881 878 vocem
900 806 995 877 tube
1016 803 1205 878 excitantis
1224 822 1351 876 occur·

297 920 441 996 terant,
475 926 594 995 neque
615 906 877 978 introeuntium
903 905 1091 978 comitatui
1117 900 1352 995 adheserant,

296 1007 357 1082 sed
376 1021 558 1079 morantes
576 1004 615 1077 dt
627 1003 804 1102 indigue,
831 1005 1038 1078 introeundi
1050 1002 1252 1098 adnuptias
1265 1015 1354 1077 tem·

295 1127 363 1202 pus
386 1101 580 1179 amiserant.
1331 1143 1336 1151 ·

372 1207 408 1275 6.
435 1207 527 1276 Sicut
548 1209 630 1276 enim
650 1206 738 1276 horre
752 1224 876 1301 peregre
896 1204 1109 1300 propicium,
1140 1204 1271 1274 uocauit
1287 1201 1351 1286 ser·

295 1304 1116 1496 tritsnrt‘tertrur'rntra
1131 1301 1351 1474 drutus

295 1504 484 1577 referenda
497 1504 679 1577 diverfitas
694 1501 764 1592 estr
792 1506 842 1576 ait
856 1503 971 1596 enim,
996 1521 1283 1595 unumquemque
1302 1500 1352 1573 se·

298 1603 453 1677 eundum
468 1604 640 1677 virtutem
661 1601 754 1675 suam
777 1601 960 1695 accepiffe.
1009 1601 1109 1700 Ergo
1125 1603 1162 1675 in
1179 1615 1350 1692 quantum

297 1703 377 1794 quis
396 1721 509 1793 capax
536 1701 622 1776 effer
642 1702 805 1794 accepit:
837 1701 875 1775 u
896 1717 997 1776 extra
1015 1701 1240 1802 moderantis¹
1256 1700 1352 1772 arbi·

295 1805 405 1876 trium
426 1801 503 1894 est,
536 1803 731 1895 quoderat
752 1805 787 1873 in
809 1797 890 1890 jure
907 1799 1087 1878 sumentis.
1133 1799 1353 1873 Patrem-fe·

296 1902 437 1992 miliae,
463 1898 622 1996 seipsum
642 1897 916 1997 effesrgnificat
953 1900 1352 1996 Peregrinationir‘tem·

325 2021 366 2073 us
385 2002 601 2094 poenitentiae
621 1999 768 2095 spatium
791 1999 882 2076 estr.
897 2021 970 2093 quo
991 2003 1028 2090 in
1054 2001 1150 2072 eoelis
1174 2019 1194 2071 r
1217 1999 1351 2098 dextris

295 2023 370 2172 ssei
388 2099 563 2193 affidenr‚·
577 2100 789 2192 potestatem
810 2098 981 2173 universo
996 2100 1118 2196 generi
1140 2100 1296 2174 humano
1310 2096 1350 2170 fi·

296 2200 356 2272 dei
383 2213 489 2290 atque
515 2201 736 2292 operationis
773 2202 990 2293 evangelice
1022 2197 1188 2292 permisrt.
1239 2197 1352 2292 Igitur

295 2298 543 2391 unusquisque
558 2297 748 2372 secundum
762 2295 846 2372 fidei
861 2298 927 2373 suae
945 2298 1139 2375 mensurum
1156 2298 1350 2388 talentum,

294 2397 422 2482 idest,
448 2395 635 2497 Evangelii
659 2398 947 2491 predicationem
969 2421 988 2472 a
1010 2398 1222 2494 predicante
1242 2393 1351 2469 susce·

294 2500 364 2595 pit.
415 2500 502 2573 Haet
515 2499 827 2593 enimincorrupta
842 2496 1030 2573 substantia
1046 2499 1116 2590 est,
1142 2501 1215 2571 hoc
1225 2495 1352 2571 Christi

293 2600 550 2697 patrimonium
571 2600 711 2673 uternis
732 2598 921 2673 heredibus
938 2600 1167 2674 reservatum.

377 2720 412 2790 7.
439 2697 508 2771 Sed
531 2696 652 2771 servus
670 2699 752 2790 iile,
783 2698 844 2788 qui
865 2701 1021 2793 quinque
1039 2701 1173 2772 talenta
1190 2695 1351 2788 accepit,

294 2798 455 2897 populus
478 2800 621 2894 exlege
645 2797 868 2871 credentium
887 2796 960 2871 est:
993 2820 1038 2871 ex
1059 2820 1127 2888 qua
1146 2794 1351 2892 profeiius,

291 2898 466 2975 meritum
484 2896 589 2991 ipsius
612 2895 708 2969 redte
730 2897 917 2991 probeque
933 2898 1119 2990 perfundis
1135 2896 1352 2993 evangelicu

290 2995 382 3073 fidei
400 2999 613 3089 operatione
628 2998 836 3089 duplicavit.
867 2997 908 3070 ln
929 3000 1070 3071 ratione
1085 3013 1202 3071 autem
1215 3014 1353 3090 ponen-

293 3098 343 3173 da
358 3098 480 3186 judicii
496 3115 643 3169 eramen
660 3096 731 3186 est,
758 3115 831 3186 quo
847 3095 995 3169 coeiestis
1010 3100 1110 3171 verbi
1121 3096 1222 3187 usus,
1249 3096 1351 3166 &re-

293 3198 394 3271 ditus
416 3195 597 3289 dispensati
620 3198 744 3268 talenti
764 3194 975 3290 postulatur.
1033 3197 1143 3293 Igitur
1168 3198 1225 3268 cui
1245 3206 1350 3267 mant

293 3294 457 3388 quinque
477 3294 681 3376 commitit,
707 3294 872 3369 Domino
891 3294 1037 3371 reverso
1055 3297 1100 3371 de
1116 3299 1271 3388 quinque
1293 3295 1352 3366 de·

288 3416 379 3471 cem
398 3396 555 3467 obtulitr
582 3397 661 3467 telis
681 3392 816 3471 scilieet
833 3395 872 3468 in
889 3392 961 3469 fide
975 3411 1158 3489 repertus,
1184 3396 1295 3486 qualis
1313 3397 1351 3465 in

286 3498 397 3589 lege,
425 3495 482 3585 qui
500 3493 621 3566 decem
639 3495 835 3566 verborum
854 3496 1007 3586 quinque
1022 3494 1249 3585 librisMoyfi
1264 3514 1353 3587 prae·

293 3598 489 3683 ceptorum
510 3592 750 3667 obedientiam
771 3596 999 3690 pergratiam
1021 3595 1236 3691 evangelicae
1255 3594 1352 3685 justi·

289 3690 480 3767 dicationis
494 3695 708 3785 expleverit.
758 3692 872 3789 lgitur
886 3696 1032 3786 jubetur
1047 3696 1261 3793 ingaudium
1275 3694 1353 3767 Do·

286 3791 385 3871 mini
405 3793 580 3887 introite,
606 3793 641 3866 id
663 3793 735 3885 est,
760 3795 796 3866 in
811 3793 989 3869 honorem
1006 3797 1129 3891 glorie
1151 3792 1279 3869 Christi
1300 3816 1353 3873 re·

288 3889 441 3987 cipitur.
857 3934 865 3945 ·

765 4090 834 4190 Gg
858 4114 880 4183 5
1194 4090 1306 4179 &lile
