3317 4900
294 441 382 552 3543
631 419 1021 519 &litterati

296 607 517 692 diversatum
532 604 626 679 tatio
645 603 842 698 promenda
857 600 926 676 ests
959 616 1066 695 atqua
1082 603 1154 698 ita,
1189 613 1236 677 nt
1250 601 1394 681 secun·-

297 715 383 790 dum
397 709 647 784 continentem
663 723 782 778 rerum
802 703 988 797 ordinem,
1016 701 1295 799 &gravissimas
1315 727 1378 781 ve·

297 814 416 888 sitatis
434 807 539 902 ipsius
558 801 688 894 causas,
713 805 897 879 interioris
913 800 1151 901 significantiae
1167 805 1387 905 intelligen·'
1435 803 1438 814 '

301 915 354 991 tia
369 911 582 1004 explicetur.

399 1032 434 1106 9.
461 1003 728 1097 Discipuloruro
743 1022 878 1077 nomen
893 1000 1015 1077 nonin
1025 1001 1224 1079 duodecim
1236 1011 1379 1081 tantun

299 1100 976 1206 Apostoiiaversariexistimandutnest.
1023 1101 1379 1274 NamgtaeterApo·

299 1210 416 1286 stolus
435 1209 555 1301 piures
574 1197 676 1277 fuisse
694 1201 885 1295 discipulos
901 1203 1061 1298 legimus.
1145 1224 1173 1276 x
1191 1205 1301 1280 omni
1322 1206 1379 1304 igi·

299 1324 361 1384 tut
384 1311 488 1382 turba
509 1304 667 1397 quaedam
690 1299 768 1375 sieri
788 1302 938 1394 jubetur
954 1301 1101 1377 eiestio:
1128 1322 1270 1380 eorum
1295 1299 1380 1380 scili·

299 1423 383 1504 cet,
410 1410 470 1499 qui
487 1403 683 1479 Dominum
701 1422 766 1495 per
787 1404 900 1476 multa
917 1399 1022 1474 seculi
1034 1402 1138 1495 hujus
1160 1405 1379 1497 pericula&

297 1501 646 1606 jadationesesient
671 1501 839 1577 secuturi.
899 1499 1058 1575 Ecclesia
1076 1504 1175 1578 euim
1197 1503 1316 1578 instar
1334 1504 1381 1579 eii

299 1609 419 1700 navis,
445 1606 478 1678 dt
498 1604 657 1697 plurimis
673 1602 766 1675 locis
783 1604 833 1673 ita
848 1617 1054 1698 nuncupata
1068 1597 1134 1678 est:
1161 1623 1248 1696 quae
1263 1604 1378 1679 diver·

299 1707 411 1787 stffimi
429 1705 570 1802 generis
586 1703 621 1775 &
639 1704 755 1798 gentis
769 1700 920 1774 vectore
927 1700 1124 1796 suscepto,
1152 1697 1377 1796 subjectam

300 1808 470 1884 omnibus
498 1803 531 1876 dc
558 1816 755 1875 ventorum
781 1800 946 1892 flatibus,
990 1800 1024 1873 ἅ
1054 1801 1164 1876 maria
1199 1806 1373 1880 motibus.

301 1901 725 2000 Atqueitaiiladtseculi,
751 1900 1055 1975 &immundorum
1066 1900 1264 1994 spirituum
1274 1921 1376 1980 vexa·

218 2019 222 2026 ·
300 2020 361 2080 tut
377 2005 586 2080 incursrbus.
636 1999 1202 2096 Proposrtisenimpericuiotum
1218 2008 1376 2082 omniun

299 2108 476 2197 motibus,
503 2099 630 2177 Christi
644 2118 789 2191 navem,
812 2098 851 2172 td
866 2098 928 2182 est,
953 2098 1148 2174 Ecclesiam
1163 2104 1377 2180 introimnst

301 2197 1034 2291 scientesnoamariventoqueJadandoa.
1085 2201 1140 2274 Ut
1155 2203 1278 2298 igitur
1291 2206 1376 2280 ordo

301 2306 436 2401 typicae
452 2299 693 2401 significantiae
709 2298 933 2393 cohaereret,
959 2298 1150 2394 possetque
1165 2303 1294 2378 intelli
1320 2293 1377 2379 ifi-

301 2407 435 2485 deiium
458 2401 583 2498 portio
601 2397 916 2474 conscendentium
935 2421 1086 2492 navem,
1120 2399 1159 2472 dt
1176 2327 1373 2480 infidesnn

301 2509 409 2582 turba
424 2503 669 2582 tendentium,
695 2498 827 2573 Scribae
843 2498 877 2573 ἃ
890 2497 1047 2594 discipuli
1060 2499 1225 2596 persona
1238 2503 1374 2601 subjun·

278 2710 280 2714 ’
302 2620 463 2777 gltur⁶10.
490 2699 540 2773 Et
560 2699 700 2791 quidem
716 2696 858 2785 Scriba,
885 2699 944 2788 qui
966 2697 1015 2770 est
1031 2718 1121 2771 unua
1146 2718 1197 2773 ex
1219 2703 1376 2779 dodori-

301 2806 370 2880 bus
390 2805 502 2899 legis,
530 2821 572 2872 an
595 2799 636 2872 stt
656 2796 859 2888 secuturus,
886 2799 1095 2893 interrogat.
1153 2803 1275 2898 Quasi
1293 2825 1374 2879 vero

303 2906 384 3001 lege
397 2922 472 2974 non
498 2903 595 2972 hunc
615 2896 684 2970 esse
704 2896 901 2985 Christum,
929 2918 1033 2988 quens
1054 2896 1148 2989 sequi
1167 2894 1265 2977 esset
1279 2907 1373 2995 utiie,

290 3006 565 3077 contineretur.
627 2998 739 3091 Igitur
761 2993 980 3069 infidelitatis
1004 2996 1171 3072 affeiium
1206 2997 1278 3076 sub
1301 2997 1374 3078 diffl-

303 3104 425 3178 dentsa
444 3097 740 3192 interrogationis
766 3095 953 3187 expresfit,
989 3099 1069 3186 quia
1090 3094 1178 3171 fidei
1204 3104 1374 3179 assumtio

302 3224 379 3281 non
400 3197 654 3293 interroganda
671 3194 741 3285 est,
780 3194 838 3267 sed
854 3193 1040 3285 sequenda.
1103 3192 1161 3268 Ut
1177 3216 1309 3280 autem
1328 3226 1376 3277 ea·

301 3304 382 3378 dem
400 3301 638 3391 interrogatio
653 3292 871 3368 infidelitatis
887 3293 1276 3394 essetpunitajudicio‚
1305 3303 1374 3377 Do·

301 3403 419 3480 mitius
438 3397 642 3492 respondit,
670 3397 797 3489 vulpes
815 3397 947 3469 habere
965 3395 1115 3488 foveas,
1142 3395 1180 3470 dc
1202 3405 1372 3476 volucres

303 3503 383 3577 coeli
401 3500 521 3590 nidos,
548 3498 675 3590 quibus
691 3493 927 3588 requiescant,
953 3495 1107 3569 hominia
1122 3510 1252 3576 autem
1268 3498 1373 3576 filiun

302 3624 379 3677 non
404 3602 561 3689 habere,
594 3596 655 3669 ubi
678 3609 786 3686 caput
805 3592 903 3670 suum
928 3598 1089 3672 reclinet.
1156 3597 1238 3672 Vui
1272 3618 1313 3675 ea
1330 3595 1372 3676 eis

303 3702 431 3777 animai
448 3691 662 3788 insidiosum,
690 3695 784 3766 circa
794 3695 983 3767 domorum
995 3691 1029 3767 se
1039 3696 1216 3771 occulens
1227 3618 1369 3793 igneo,

304 3794 556 3874 &domesticis
569 3797 693 3889 avibus
705 3791 887 3866 insidians:
913 3795 1368 3896 atquehocoominepseu

304 3901 552 3995 doprophetas
573 3895 770 3985 nuncupari
794 3895 932 3984 aliquot
953 3895 1044 3967 locis
1063 3894 1243 3993 legimuaa
1270 3904 1364 3975 volu·

303 4020 383 4076 cres
406 4014 524 4073 autem
547 3997 625 4070 coeli
648 3992 737 4085 saepe
758 4013 909 4067 numero
925 3995 1127 4069 immundos
1145 3995 1299 4090 spiritns
1317 4018 1366 4073 co·

302 4099 505 4201 ‘nominari
525 4097 721 4171 didicimus:
771 4093 842 4167 Dei
867 4113 955 4190 ergo
972 4090 1065 4170 filius
1080 4097 1307 4193 paucitatem
1325 4097 1344 4174 s
1356 4137 1366 4155 ·

481 4226 484 4233 .
1127 4224 1130 4231 .
1205 4212 1324 4293 qm
