3317 4900
364 425 649 506 Tarcrnrur
673 397 724 504 ru
750 423 959 503 CXXVII
985 423 1219 507 tertuum
1296 437 1347 527 tn

277 590 386 667 torta.
436 586 675 663 Ministerium
692 601 810 661 autem
835 590 1000 683 corporis
1017 590 1248 683 incorporale
1265 590 1339 688 est,

274 695 358 769 iicet
379 709 540 779 corpore
560 684 615 764 fit.
665 688 766 761 Nihil
785 710 879 762 vero
898 690 1028 781 edere,
1061 690 1124 764 nisr
1141 691 1238 782 quod
1255 712 1337 766 cor·

271 793 396 888 poraie
412 788 485 880 est
511 786 704 881 poffumus
1335 807 1342 836 r

370 895 405 963 6.
431 888 501 960 Sed
520 887 701 980 Propheta
717 888 803 961 nihil
824 886 868 957 de
890 886 1039 960 terrenis
1056 888 1089 961 or
1105 884 1334 979 presentibus

265 988 416 1065 tradat:
444 987 488 1061 de
504 988 724 1068 beatitudine
738 989 831 1060 enim
844 989 1044 1061 timentium
1063 988 1271 1068 Dominum,
1299 988 1335 1060 dr

264 1091 306 1164 in
328 1090 398 1161 viis
418 1087 491 1179 ejus
510 1088 765 1161 ambulantium
788 1088 819 1159 ei
843 1085 958 1159 sermo
975 1086 1037 1162 est.
1091 1088 1164 1185 Qui
1182 1087 1275 1161 enirn
1295 1088 1334 1163 iu

265 1191 340 1262 viis
352 1188 495 1261 Domini
510 1189 755 1279 ambulabunt,
781 1187 830 1260 illi
843 1187 984 1257 iabores
996 1184 1172 1259 fruituum
1185 1185 1329 1263 suorum

265 1289 544 1366 manducabunt.
594 1286 685 1359 Non
702 1288 796 1359 enim
814 1287 873 1357 hic
889 1288 1118 1359 manducatio
1130 1288 1338 1376 corporalie-

265 1388 339 1477 est3
366 1389 629 1478 quianequerd,
658 1386 1119 1478 quodmanducandumest‚
1139 1387 1333 1476 corporale

263 1490 318 1564 stt.
370 1487 440 1560 Sed
458 1488 629 1559 habemus
652 1488 710 1558 hic
729 1486 847 1559 cibum
866 1484 1073 1578 spiritalem,
1102 1487 1250 1560 animam
1264 1506 1331 1557 no·

263 1588 369 1663 stram
389 1588 427 1660 in
444 1587 557 1659 vitam
578 1587 751 1675 alentem,
788 1586 884 1658 bona
907 1584 1041 1677 scilieet
1058 1607 1189 1679 opera,
1226 1586 1328 1658 boni·

264 1688 372 1779 tatis,
399 1681 589 1777 castitatis}
613 1683 883 1773 misericordiae,
910 1687 1111 1779 patientiae,
1134 1686 1330 1775 tranquilli·

267 1788 373 1876 tatia,
408 1788 445 1858 in
469 1788 600 1877 quibua
616 1787 722 1859 nobis
749 1798 879 1857 contra
903 1805 1097 1875 corporum
1122 1785 1330 1859 nostrorum

268 1888 357 1960 vitia
385 1887 629 1958 labor-andum
648 1884 709 1961 est.
745 1954 748 1959 ,
776 1884 919 1958 Horum
943 1887 1105 1958 laborum
1130 1884 1264 1958 fruuus
1290 1885 1328 1958 in

263 1987 468 2063 aternitate
484 1984 553 2058 est:
577 1983 814 2058 sedIaborhic
824 1998 1039 2057 aeternorum
1054 1982 1229 2059 fruetuum
1243 1996 1327 2056 ante

266 2081 513 2159 comedendus
533 2082 603 2174 est,
636 2104 755 2174 eoque
772 2085 808 2157 in
829 2086 906 2156 vita
926 2084 993 2155 hac
1011 2085 1192 2178 corporali
1213 2084 1327 2157 anima

264 2182 393 2260 nostra
401 2183 525 2256 alenda
538 2181 601 2263 est,
627 2203 691 2274 per
704 2184 822 2257 cibum
835 2184 965 2255 horum
979 2185 1143 2255 laborum
1160 2182 1328 2255 obtinen-

264 2300 322 2357 tes
343 2304 470 2377 panem
488 2285 636 2373 vivum,
670 2303 797 2398 panem
816 2282 1013 2375 coetestem,
1040 2286 1083 2355 ab
1103 2303 1169 2372 eo,
1197 2282 1256 2372 qui
1277 2281 1328 2352 di·
1399 2284 1401 2288 ‘

266 2386 340 2461 xit:
376 2382 456 2480 Ego
482 2381 554 2456 sum
570 2382 670 2475 panis
691 2384 799 2454 vivus
817 2382 861 2454 de
879 2385 990 2455 coelo:
1024 2402 1130 2474 quem
1152 2383 1209 2473 qui
1236 2378 1327 2452 indi·

263 2482 536 2580 gnesecundum
547 2481 1131 2575 mandatumApostoliacceperit‚
1155 2480 1328 2574 judicium

265 2584 330 2657 srbi
349 2583 511 2673 acquirit.
539 2582 611 2655 ·Hi
633 2581 712 2653 sunt
730 2601 817 2677 ergo
830 2583 973 2654 labores
990 2579 1167 2655 fructuum
1181 2579 1328 2653 mandu-

267 2681 398 2772 candi,
425 2701 551 2752 eorum
570 2680 703 2753 scilicet
716 2680 916 2771 fruetuum,
944 2683 1002 2771 qui
1019 2682 1055 2754 in
1076 2682 1172 2754 coelis
1189 2693 1325 2753 meten,

264 2796 337 2854 tur.
387 2777 497 2852 Nunc
512 2779 594 2853 dum
615 2781 764 2863 interra
778 2778 908 2860 sumus,
934 2801 1044 2871 opera
1054 2779 1221 2854 sumenda
1234 2778 1324 2856 sunt.

264 2882 355 2954 Haec
371 2880 466 2953 enim
485 2900 582 2951 nunc
600 2879 749 2954 animam
771 2878 946 2969 saturant,
973 2881 1047 2951 hnc
1065 2881 1101 2953 in
1116 2881 1241 2969 coelum
1257 2877 1324 2953 suit
1410 2898 1416 2917 *

265 2977 438 3054 frutribus
452 2978 725 3072 prosequentur.
775 2975 1325 3068 Deniquesequentiversuutri·

264 3100 378 3170 usque
394 3079 497 3171 hujus
510 3080 683 3170 temporis
702 3078 960 3152 beatitudinem
979 3076 1160 3171 Propheta
1178 3080 1325 3153 demon·
1401 3170 1404 3175 Α

264 3177 368 3269 strat,
406 3179 549 3252 dicens:
587 3182 770 3264 Beatum,
803 3177 843 3253 o
860 3176 1012 3251 benetibi
1029 3183 1104 3254 erit.
1157 3181 1326 3276 Quorum

265 3280 415 3352 alterum
429 3279 467 3350 in
487 3278 637 3373 presens
659 3279 869 3367 obtinetur,
893 3276 1001 3367 'quod
1018 3277 1124 3349 beatus
1142 3303 1191 3348 rs:
1227 3272 1325 3367 quod

264 3398 358 3448 vero
382 3378 458 3448 bene
484 3377 547 3447 ribi
563 3381 646 3463 erit,
685 3376 879 3468 repositum
898 3374 947 3448 est
969 3379 1006 3449 iu
1024 3376 1204 3460 futurum.
1242 3375 1324 3466 quia

250 3478 408 3556 interim
424 3479 528 3549 labor
548 3477 753 3548 futurorum
774 3474 952 3549 frudtuum
968 3477 1213 3552 manducetur.

369 3597 402 3667 7.
435 3580 523 3648 Uxor
544 3593 601 3646 trra
613 3576 690 3665 ficut
705 3579 790 3645 vitis
812 3575 980 3655 abundum
1000 3575 1201 3648 inlateribur
1217 3568 1340 3644 domun

266 3689 343 3746 trra.
405 3678 485 3745 Filii
510 3681 562 3746 rui
580 3674 975 3769 ficutnrvrda'oliuorum
996 3680 1193 3746 incircuitu
1216 3672 1326 3761 mensa

265 3790 344 3846 rua.
399 3772 478 3846 Ecce
488 3775 532 3870 fic
553 3777 747 3848 benedicetur
761 3783 861 3845 omnis
877 3777 986 3863 homo,
1026 3781 1083 3871 qui
1099 3779 1192 3844 timet
1217 3775 1328 3843 Domi·

262 3872 355 3946 'rrum
406 3872 533 3947 Multis
551 3875 648 3948 forte
663 3874 778 3973 senno
793 3872 876 3948 iste
867 3896 902 3946 rn
914 3870 1091 3967 praesentis
1107 3870 1327 3945 benedittin-

262 3976 319 4049 nis
335 3972 501 4069 gaudium
521 3987 623 4071 aptus
642 3974 843 4046 videbitur:
878 3988 919 4045 ut
937 3993 982 4043 ex
997 3971 1235 4046 misericordia
1256 3971 1341 4043 Dei·

266 4072 434 4169 suppetat
452 4064 622 4170 pacifica,
647 4073 817 4246 ἀυῑῆξ·
806 4094 845 4146 m
859 4071 975 4149 domo
985 4069 1277 4244 σουῇυεὶεωὲιει,
1291 4068 1365 4183 δι·1

811 4193 838 4262 4
1227 4190 1249 4242 u
