3317 4900
328 443 401 532 mo
656 425 694 508 ἃ
743 429 1053 508 nrrnerr

329 606 508 690 quemue,
533 591 596 686 qui
613 591 766 667 humiles
788 591 913 687 spiritu
931 588 1042 672 fient,
1068 609 1236 680 quorum
1258 611 1406 692 regnum

289 695 291 702 '
328 707 549 794 praeparatur
564 694 601 766 in
623 695 728 767 coelo.
779 689 877 786 Ergo
893 694 975 782 quia
989 691 1028 764 in
1044 689 1222 765 Domino
1240 693 1324 768 haec
1339 692 1405 785 pas·

328 795 468 872 nonum
487 791 699 866 universitas
718 794 957 882 conveniret,
984 789 1184 880 futuraque
1203 791 1302 866 ellet
1326 813 1405 868 crux

329 891 558 986 suaplurimis
569 890 785 980 scandalum,
809 893 939 964 beatos
954 910 1018 961 eos
1030 889 1218 981 professus
1232 891 1301 980 est,
1328 913 1406 984 quo·

327 1013 407 1068 rum
422 989 508 1064 fidei
520 989 609 1064 nihil
624 993 840 1064 tentamenti
856 989 1002 1063 afferret
1016 1010 1118 1070 crux,
1145 1011 1276 1084 mors,
1304 991 1406 1085 sepul·

327 1103 422 1168 tura·
473 1089 600 1184 ltaque,
624 1091 682 1162 cui
701 1092 753 1163 rei
770 1089 930 1184 Joannes
948 1087 1118 1178 cavillet,
1144 1087 1342 1183 ostendit,
1366 1091 1405 1164 di·

329 1211 417 1266 cens
433 1189 561 1264 beatos
578 1207 657 1282 eos,
685 1189 812 1280 quibus
830 1190 962 1281 aliquid
977 1190 1014 1260 in
1031 1186 1066 1262 se
1081 1187 1253 1263 scandali
1270 1213 1349 1266 non
1362 1191 1402 1263 fu·

326 1289 423 1368 ill'et:
451 1292 533 1380 quie
547 1302 648 1362 metu
659 1289 733 1382 ejus
746 1287 1228 1384 discipulossuosJoannes,
1257 1307 1302 1365 ut
1316 1288 1402 1364 Chn'·

327 1387 420 1468 stum
433 1389 598 1462 audirent
611 1389 873 1478 viderentque,
896 1385 1048 1462 misrllet.

429 1512 463 1576 4.
490 1484 547 1560 Ac
567 1508 615 1560 ne
633 1485 725 1562 istud
740 1485 866 1561 referri
883 1488 926 1559 ad
940 1487 1119 1580 Joannem
1137 1486 1294 1580 posset,
1329 1501 1398 1564 tam

329 1609 434 1684 quam
456 1585 587 1678 aliquid
611 1583 869 1660 scandalizatus
884 1586 971 1662 ellet
988 1588 1025 1659 in
1044 1584 1220 1677 Christo;
1249 1590 1396 1664 abeunti·

330 1689 398 1764 bns
418 1688 506 1778 illis,
533 1684 576 1758 ad
594 1687 716 1761 turbas
733 1687 778 1760 de
796 1708 844 1762 eo
860 1688 1005 1761 locutus
1021 1684 1089 1760 est:
1131 1687 1235 1780 Quid
1248 1690 1392 1787 exustori

328 1781 478 1876 desertum
497 1789 606 1858 videre
621 1789 814 1858 arundinem
831 1803 929 1859 vento
943 1778 1087 1858 moveri?
1111 1784 1322 1865 Desertum
1331 1789 1393 1862 su·

329 1883 390 1960 blo
405 1883 539 1979 Spiritu
560 1907 716 1963 vacuum
738 1886 961 1960 sentiendum
976 1882 1048 1976 est,
1073 1886 1112 1957 in
1129 1906 1215 1978 quo
1232 1890 1389 1964 habitatio

327 1983 400 2060 Dei
421 1986 518 2058 nulla
536 1986 588 2062 srt.
647 1985 688 2059 ln
707 1986 880 2060 arundine
900 1986 996 2057 enim
1010 1986 1126 2060 homo
1145 1988 1240 2059 talis
1257 1988 1391 2062 ostendi·

327 2097 407 2168 tur,
433 2083 478 2157 de
498 2087 614 2180 gloria
627 2085 735 2158 seculi
754 2088 838 2157 vitae
855 2083 922 2158 suae
935 2086 1111 2157 inanitate
1131 2083 1347 2179 speciosus,
1365 2090 1391 2162 in

325 2181 363 2260 se
382 2197 500 2258 autem
517 2183 633 2257 nuuu
656 2186 818 2257 veritatis
839 2204 971 2272 cavum
997 2185 1161 2257 exterior
1178 2189 1350 2279 placens,
1369 2187 1390 2260 b

325 2287 447 2360 nullus
466 2285 637 2371 interior3
663 2283 707 2356 ad
720 2305 866 2358 omnem
884 2297 1079 2358 ventorum
1097 2300 1272 2380 motum,
1297 2289 1334 2364 id
1345 2287 1389 2378 el,

325 2382 594 2459 immundorum
613 2383 796 2479 spirituum
815 2383 940 2458 flatum
962 2383 1203 2471 movendus,
1231 2385 1389 2481 nequead

238 2488 242 2495 '
326 2482 542 2559 consistendi
562 2479 768 2561 firmitatem
784 2488 931 2575 valens,
959 2483 1120 2555 &animi
1142 2492 1326 2565 medullis
1338 2490 1391 2562 in-

326 2586 396 2659 llis,
446 2582 544 2678 Ergo
563 2604 645 2657 cum
663 2585 768 2657 dicit:
797 2587 888 2677 Quid
908 2583 1014 2678 exifiis
1036 2589 1071 2650 in
1094 2585 1264 2669 desertum
1282 2590 1388 2660 viden?
1414 2605 1418 2657 t

326 2685 528 2759 Arundinem
547 2699 645 2754 vento
666 2678 810 2754 moveri?
835 2685 909 2756 hoc
928 2684 1106 2774 loquitur:
1132 2681 1338 2781 Numquid
1349 2707 1389 2760 el·
1414 2662 1419 2743 Ι

324 2780 398 2860 istis
413 2783 538 2854 videre
558 2784 743 2856 hominem
761 2787 973 2876 cognitione
990 2782 1060 2854 Dei
1079 2802 1274 2879 vacuum,
1312 2782 1389 2860 &td

323 2883 591 2959 immundorum
602 2881 784 2975 spirituum
798 2883 922 2957 flatum
933 2880 1153 2976 vagantem?
1183 2885 1389 2963 Namincre

324 2983 443 3077 parntis
461 2979 590 3054 affeetu
605 2984 727 3074 potius
743 3004 846 3073 quam
864 2979 1110 3055 confirmantis
1126 2980 1212 3055 hoc
1226 2988 1388 3078 loquitur:
1413 2970 1418 3069 Ι

325 3078 519 3155 ostendens
543 3078 677 3154 scilieet
701 3103 779 3154 non
795 3103 877 3158 eum
898 3082 934 3154 in
951 3083 1094 3178 Joanne
1115 3083 1316 3182 conspici,
1347 3084 1390 3178 qui
1412 3078 1417 3148 ἕ

323 3180 359 3254 ἂ
376 3180 699 3254 inanis&mobilis
716 3181 767 3260 fit.
1411 3158 1416 3241 !

425 3299 460 3369 ς.
487 3281 548 3350 Sed
568 3283 645 3376 quid
665 3283 768 3378 existis
785 3280 913 3351 videre?
954 3282 1120 3351 Hominem
1143 3285 1300 3356 movibus
1317 3284 1390 3382 vell·

323 3375 417 3451 tuni?
445 3382 522 3450 Ecce
538 3385 594 3475 qui
607 3379 743 3451 molibus
759 3382 957 3476 bulliantur,
984 3385 1020 3448 in
1035 3379 1175 3450 domibus
1194 3389 1388 3478 regumsunt·

321 3478 472 3556 Vestem
487 3483 659 3552 ambitum
673 3483 854 3574 corporis,
882 3480 1131 3570 quoinduitur‚
1164 3484 1391 3582 animafigni·

321 3576 421 3662 fleat,
450 3579 547 3669 quod
564 3582 663 3669 luxu,
691 3601 732 3652 ac
748 3579 901 3655 lasciviis
919 3577 1114 3654 mollescat.
1173 3581 1253 3657 Sed
1270 3588 1330 3678 qui
1342 3603 1388 3657 ve

322 3678 394 3752 stiti
411 3680 581 3754 mollibus
598 3678 690 3770 sunt,
715 3681 753 3751 in
771 3680 937 3751 domibus
957 3699 1079 3772 regum
1100 3677 1201 3758 sunt.
1258 3684 1303 3758 ln
1318 3686 1388 3779 regi·

320 3779 410 3869 bus,
447 3776 740 3874 transgrellorum
765 3780 976 3873 angelorum
998 3784 1237 3871 nuncupatio
1265 3784 1334 3860 est:
1359 3780 1385 3855 hl

320 3879 418 3951 enim
446 3877 555 3953 seculi
577 3877 659 3950 sunt
682 3891 883 3971 potentes,
922 3877 1117 3965 mundique
1148 3880 1383 3961 dominantes.

318 3973 419 4072 Ergo
437 3976 557 4049 vestiti
572 3979 738 4050 mollibus
757 3980 793 4047 in
817 3978 984 4048 domibus
1007 3995 1132 4070 regum
1157 3978 1261 4076 sunt,
1292 3979 1384 4061 idest»

319 4095 400 4173 eos,
427 4078 554 4172 quibus
571 4074 1384 4197 perluxumfluida&dissolutaluntcorporn

271 4234 322 4326 ἱ
1280 4184 1349 4259 elle
