3317 4900
329 459 378 530 ⁸4
538 497 546 504 ..
664 431 1052 512 Sal-ltunru

274 655 277 680 .
333 597 537 696 gemiane,
563 590 597 668 ἁ
616 596 738 670 calore
748 583 829 672 solis
847 571 991 681 uraturq¹
1016 589 1076 668 sed
1092 592 1317 688 secullbujtrs
1326 617 1399 671 mn·

335 699 379 772 lis
403 697 435 768 br
455 695 592 786 injuriis
608 696 800 782 liberatus,
832 695 869 768 in
885 696 1027 767 aeternis
1042 694 1077 766 dt
1092 695 1230 792 beatis,
1263 694 1402 770 &tem-

335 796 468 893 peratis
491 795 691 886 quiescens,
727 792 921 891 gloril‘rcari
940 794 1105 890 corporis
1121 791 1171 867 sui
1191 790 1303 869 sumat
1320 795 1404 870 soli·

336 895 417 972 dam
432 896 791 986 indemutabilemque
809 909 980 982 naturam.

395 1063 397 1067 Α
442 1009 484 1084 15
525 994 692 1084 Sequitur
715 996 861 1070 deinde:
893 997 1045 1066 Dominus
1060 992 1206 1090 tuliedirl
1220 1008 1252 1064 tt
1267 993 1403 1064 domni

338 1095 431 1168 malr.
494 1092 577 1166 Eta
601 1096 728 1185 quibus
751 1094 850 1167 malis
869 1091 1047 1166 custodiet
1066 1091 1273 1168 Dominus?
1293 1093 1403 1170 ‚Non

340 1199 474 1286 opinor
491 1197 533 1264 ab
550 1195 625 1284 bis,
647 1214 724 1284 que
740 1207 929 1286 putantum
953 1193 1030 1267 haec
1050 1194 1145 1267 enim
1159 1192 1240 1266 sunt
1256 1191 1406 1269 infirmi·

288 1363 290 1370 .
339 1297 405 1366 tati
424 1293 596 1365 nostrae&
612 1296 758 1387 corpori
773 1294 907 1385 debita,
933 1294 1042 1383 mori,
1069 1290 1251 1383 infirmari,
1276 1313 1405 1387 egere:

342 1408 419 1484 qum
440 1393 463 1463 ir
481 1396 572 1464 mala
588 1392 719 1482 client,
747 1415 816 1466 nec
830 1393 928 1466 Abel
943 1409 1128 1484 mortuus,
1155 1412 1223 1471 net
1236 1392 1307 1486 Job
1322 1405 1405 1465 cru·

343 1494 456 1566 ciarus
473 1491 579 1582 esset,
607 1514 675 1566 nec
691 1493 816 1566 Petrus
833 1494 1008 1584 pecunia,
1034 1514 1137 1583 quom
1156 1496 1193 1565 in
1207 1491 1406 1584 eleemosy-

340 1613 423 1668 nam
445 1589 680 1686 poscebatur,
707 1590 864 1689 eguisset.
923 1589 1021 1687 Ergo
1037 1590 1178 1666 fidelem
1193 1593 1341 1665 aninum
1357 1595 1404 1667 ab

343 1695 443 1768 omni
461 1694 556 1762 malo
580 1692 756 1766 Dominus
778 1689 957 1782 custodit,
982 1692 1099 1784 idest,
1124 1692 1406 1767 necamdiaboli

343 1795 441 1863 tinea
459 1808 686 1883 corrumpat,
712 1813 758 1863 ne
775 1794 834 1864 sur
854 1791 1026 1882 obrepat3
1050 1813 1099 1864 ne
1118 1790 1213 1864 canis
1230 1794 1404 1888 oblatret,

342 1913 390 1964 ne
411 1895 514 1980 lupus
539 1893 691 1980 laceret,
719 1889 883 1970 neurius
909 1889 1096 1985 deseviat,
1123 1890 1405 1988 nepordusinsr·

342 1991 427 2085 liat,
454 1992 607 2082 netigris
618 1990 781 2080 advolet,
807 1992 923 2064 neleo
933 1989 1059 2067 vallet.
1111 1990 1406 2066 Haeceuimnunc

344 2088 425 2164 sunt
442 2090 575 2160 diaboli
598 2087 810 2181 ministeriu,
842 2091 919 2164 baec
938 2091 1059 2164 omnia
1080 2092 1155 2182 ejus
1179 2092 1216 2164 iu
1239 2103 1406 2183 tempore

345 2187 452 2262 seculi
488 2190 589 2278 brrjus
621 2187 738 2261 officia
767 2189 865 2262 vitiis
895 2189 1125 2282 consumere,
1158 2189 1406 2265 blandimentis

344 2288 556 2379 subrepere,
590 2289 890 2362 oblebtationibus
911 2289 1093 2380 lacerare,·
1117 2289 1311 2364 ambitione
1329 2292 1407 2366 inb·

344 2390 432 2477 lire,
459 2386 611 2460 lasciuiis
629 2388 815 2481 advolare,
844 2388 974 2462 &tota
988 2390 1133 2463 virtutis
1146 2385 1214 2462 sue
1227 2390 1408 2482 potestate

344 2488 505 2561 vastare·
552 2490 610 2560 Ab
635 2489 707 2561 hoc
726 2490 949 2584 igituromni
972 2492 1067 2563 molo
1090 2488 1158 2563 Dei
1176 2488 1408 2583 exsposianda

346 2586 581 2661 culludiaest.
634 2584 682 2659 Et
692 2591 772 2681 quia
783 2590 819 2661 in
833 2589 983 2664 animam
997 2591 1148 2663 maxime
1158 2587 1299 2679 seviat3
1325 2612 1409 2667 nam

347 2690 507 2761 debrtunr
524 2688 629 2760 nobis
648 2687 712 2775 est,
738 2704 779 2761 ut
797 2687 1057 2762 adversuseum
1072 2710 1266 2784 pugnemus
1277 2692 1313 2763 in
1328 2711 1409 2764 cor·

344 2807 459 2877 pore,
500 2809 575 2857 non
604 2786 653 2858 est
677 2787 771 2861 enim
797 2788 859 2861 nisr
885 2808 930 2861 ex
946 2792 1222 2863 concertatione
1239 2788 1408 2863 vitiorier

338 2886 485 2961 idcirco
508 2883 746 2976 subsequitur:
785 2888 943 2982 cestrum
963 2894 1104 2959 animam
1120 2904 1208 2961 tuam
1228 2894 1407 2976 Dominum

347 3006 393 3057 ne
412 2985 494 3073 quid
497 3000 571 3155 1{ot
586 2987 766 3080 tantisque
781 2987 941 3082 superius
955 2990 1162 3063 memoratis
1172 2990 1272 3063 malis
1279 2990 1316 3063 in
1329 3010 1409 3065 eom

345 3084 496 3177 fidpote
528 3087 604 3160 ntis.

345 3184 349 3196 '
455 3188 507 3257 16.
533 3182 569 3255 Τ
571 3187 671 3260 enuit
695 3200 812 3260 autem
842 3185 1078 3279 propheticus
1102 3187 1217 3262 sermo
1245 3185 1411 3263 ordinem

347 3282 461 3373 suum,
487 3283 627 3358 dicens:
658 3291 816 3371 Dum-ines
831 3286 1214 3383 custodietexitumt'errm,
1239 3286 1279 3364 (Ἰ
1293 3292 1411 3361 introi·

349 3400 417 3456 tum
438 3400 527 3453 tuum
549 3409 587 3453 ers
608 3387 663 3453 lm
677 3385 715 3460 0
735 3412 828 3483 usque
844 3393 882 3457 in
894 3387 1041 3476 saulum.
1100 3387 1191 3462 Non
1206 3388 1299 3461 ellim
1320 3400 1411 3462 tem·

347 3483 448 3577 poris
462 3482 571 3573 buius
590 3484 623 3556 dr
639 3483 746 3561 seculi
761 3485 812 3560 est
827 3485 890 3559 illa
906 3486 1084 3577 custodia,
1122 3508 1198 3562 non
1214 3486 1313 3559 aduri
1335 3485 1412 3563 solo

351 3598 460 3671 utque
473 3584 586 3673 luna,
615 3582 648 3656 dt
666 3587 711 3658 ab
729 3587 828 3659 omni
849 3589 944 3683 malo
964 3585 1191 3674 conservari3
1217 3585 1279 3661 seo
1297 3584 1410 3664 futuri

348 3682 437 3753 boni
459 3680 674 3773 esspeuatio
692 3684 756 3777 est,
783 3705 864 3757 cum
882 3700 1056 3761 exeuntes
1070 3686 1116 3759 de
1132 3706 1290 3780 corpore
1304 3686 1348 3759 ad
1359 3688 1410 3758 in·

350 3783 500 3855 troitum
517 3783 615 3857 illum
628 3786 728 3877 regni
744 3783 899 3859 coelestis
911 3806 977 3881 per
996 3783 1192 3863 custodiam
1209 3785 1356 3861 Domini
1369 3780 1408 3856 fi·

350 3879 447 3952 deles
473 3902 598 3959 omnes
625 3882 926 3977 reservabuntur,
957 3885 995 3957 in
1017 3884 1092 3960 tino
1114 3884 1249 3960 scilicet
1266 3883 1409 3959 interim

351 3978 506 4055 Abrabae
522 3983 708 4077 collocati,
734 4002 808 4077 quo
822 3984 1408 4078 adireinrpiosinterJ‘eiiomcbaos

351 4078 514 4179 inhibet,
540 4100 740 4182 quousque
759 4084 967 4163 introeundi
981 4082 1166 4167 rutsruuiu
1179 4104 1327 4261 regnum
1341 4104 1413 4159 co·

1258 4205 1364 4262 otum
