3317 4900
300 439 372 518 390
638 407 1031 486 &Hllntl

408 593 463 664 15.
489 575 529 646 si
544 572 1035 668 enimsaianorfirtanamejicit,
1054 571 1380 662 adversusedr‘visnt

302 675 355 777 eil.
382 671 1380 767 Didisuperiorismaievolentiamquoeuminsseeize·

303 779 379 852 bub
399 777 474 848 lraec
493 775 862 866 apereloquebantnr,
889 772 1037 863 eoipso,
1063 794 1146 866 quo
1156 776 1279 848 locuti
1290 774 1378 870 sunt,

304 896 437 1048 ,gffnerg
453 874 811 1045 crlrndsngnaattdno?
824 873 1277 1046 intelggsentdegcorstleffoa
1287 874 1321 1048 il?
1333 876 1379 949 iu·

304 999 380 1056 ru,
440 995 587 1047 eezeu
631 995 699 1045 e.e
738 993 882 1045 rurum:
969 995 1014 1045 ra
1075 995 1379 1051 rvrrooemuam

307 1075 453 1148 coallus
473 1073 543 1160 eil,
571 1089 611 1145 ut
629 1074 767 1144 daemon
786 1073 966 1145 demones
982 1075 1256 1168 proturbaret,
1283 1075 1381 1150 &ab

308 1175 433 1248 versos
451 1173 484 1245 se
503 1171 629 1245 divisio
649 1169 719 1264 ipsa
736 1169 961 1258 consisterem
986 1171 1070 1244 hinc
1089 1191 1255 1267 quoque
1275 1175 1380 1250 existi·

307 1275 473 1350 mandum
496 1272 585 1360 elle,
612 1273 690 1362 plus
707 1274 741 1343 in
761 1293 821 1362 eo,
847 1272 908 1362 qui
926 1270 1101 1362 diviserit,
1131 1293 1249 1363 quam
1269 1276 1310 1360 in
1321 1279 1380 1368 hir,

309 1375 368 1466 qui
391 1372 489 1444 divisi
508 1373 593 1452 sint,
618 1369 726 1444 ineile
749 1372 906 1446 virtutis.
957 1370 1055 1467 Ergo
1067 1372 1147 1462 jam
1164 1374 1311 1450 divisui
1328 1375 1379 1456 est,

308 1470 541 1546 &adversum
562 1471 596 1542 se
610 1469 754 1542 coactus
771 1470 834 1546 est.
861 1491 1081 1566 regnumque
1098 1472 1184 1562 eius
1205 1475 1380 1550 divifiont

308 1575 369 1646 tali
401 1571 450 1644 est
472 1568 692 1643 dissolutum.
752 1571 911 1668 Quodsi
938 1574 973 1644 in
1002 1572 1148 1646 virtute
1171 1572 1378 1650 Beelzebub

310 1671 468 1744 Christus
493 1671 672 1741 demones
693 1668 810 1759 ejicit,
843 1668 906 1743 filii
926 1690 1073 1764 eorum,
1107 1671 1260 1766 idest,
1294 1675 1378 1772 lipo-

308 1771 411 1860 stoli,
438 1772 473 1841 in
493 1771 593 1860 cujus
608 1771 756 1843 nomine
777 1769 950 1861 ejiciunt?
974 1773 1099 1860 Atque
1120 1771 1281 1848 idcirco
1302 1777 1379 1871 digni

309 1867 390 1944 sunt
413 1872 447 1940 in
469 1891 533 1941 eos
548 1869 685 1959 judices
705 1867 908 1951 constituti,
930 1869 1056 1959 quibus
1071 1869 1111 1942 id
1132 1873 1284 1948 dediffe
1297 1875 1375 1950 cui·

308 1969 381 2046 stus
408 1967 575 2042 adversus
601 1970 781 2042 daemonea
803 1967 989 2064 potestatis
1010 1970 1256 2067 reperietur,
1298 1974 1377 2068 quud

309 2067 383 2162 ipse
397 2069 439 2140 sit
457 2085 606 2166 negatus
622 2067 787 2143 habuiile.
839 2065 937 2164 Ergo
955 2068 978 2140 lr
994 2066 1162 2162 discipuli
1188 2093 1378 2168 operantu

309 2169 347 2242 in
364 2167 519 2251 Christo,
546 2169 637 2240 &ex
651 2167 784 2259 Spiritu
799 2166 869 2240 Dei
885 2166 1044 2241 Christus
1057 2185 1274 2263 operatur,
1304 2173 1379 2250 adel

312 2267 382 2342 Dei
401 2289 562 2366 regnum,
585 2267 699 2359 jamin
709 2266 1378 2358 Apostolosmediatorisofficiotraua·

310 2367 437 2444 fusum.
485 2368 552 2441 sed
575 2387 654 2439 cum
675 2388 738 2460 per
750 2367 954 2441 Beelzebub
971 2365 1069 2461 polle
1088 2368 1272 2447 Christus
1287 2377 1376 2472 argui

311 2482 384 2556 tur,
413 2466 510 2541 Deus
526 2468 836 2561 blasphematurin
848 2467 1005 2541 Christo:
1032 2473 1264 2558 atqueitain
1281 2476 1377 2549 Deuu

310 2569 533 2661 inexpiabilis
547 2568 704 2640 convicii
717 2569 935 2642 contumelia
947 2587 1011 2664 per
1021 2566 1232 2649 Pharisaeos
1248 2578 1288 2651 in
1298 2576 1377 2651 Beel

310 2672 428 2744 zebub
449 2669 594 2741 nomine
613 2683 852 2759 comparatur.

415 2772 469 2838 16.
499 2765 657 2860 Quomodo
675 2769 768 2863 poresl
786 2775 912 2838 intrare
927 2772 997 2864 quis
1013 2774 1049 2837 in
1064 2768 1197 2841 domum
1205 2773 1330 2864 fartis,
1350 2774 1377 2849 tl

310 2871 387 2953 noso
408 2871 474 2963 ejus
492 2863 650 2961 diripere?
684 2867 881 2956 &reliqum
932 2867 1128 2940 Contusam
1155 2893 1177 2943 a
1195 2872 1237 2947 se
1258 2878 1296 2948 in
1319 2892 1376 2946 ten

310 2968 451 3039 tatione
466 2966 577 3056 prima
591 2987 734 3040 omnem
752 2967 881 3039 diaboli
892 2967 1026 3041 indicat
1035 2969 1288 3063 potestatem,
1315 2975 1374 3065 quia

310 3086 420 3141 nemo
443 3068 587 3139 domum
603 3066 708 3138 fortis
726 3069 903 3156 introeat,
939 3068 1086 3157 ejusque
1104 3071 1195 3143 vasa
1224 3075 1376 3167 diripiat,

310 3166 373 3240 nisi
395 3166 525 3236 fortem
547 3167 765 3260 alligaverit,
792 3166 931 3237 &tunc
947 3167 1091 3241 domum
1112 3169 1196 3259 eius
1225 3175 1376 3268 diripiet:

287 3332 290 3337 .
312 3265 346 3337 oz
369 3263 507 3336 neceile
531 3265 579 3336 est
598 3267 671 3337 lraec
691 3286 796 3360 agens
813 3266 877 3336 illo
900 3264 998 3336 forte
1016 3264 1057 3337 srt
1074 3264 1234 3351 fortior.
1291 3275 1377 3367 Liga-

311 3376 370 3436 tur
389 3363 437 3436 est
457 3384 544 3457 ergo
563 3379 652 3453 tum,
680 3386 759 3438 cum
777 3364 909 3439 satanas
926 3364 1121 3438 aDomino
1136 3389 1376 3467 nuncupatur,

310 3462 381 3553 ipsa
414 3463 580 3552 nequitie
602 3467 873 3557 nuncupatione
900 3464 1109 3537 constridlus
1138 3467 1214 3544 est:
1263 3476 1323 3546 cui
1341 3474 1378 3544 itt

311 3562 436 3633 viouo
463 3562 573 3654 spolia
599 3564 771 3652 detraxit,
799 3564 990 3636 &domum
1013 3563 1177 3657 abstulit,
1206 3589 1286 3643 nos
1308 3572 1378 3644 scili·

312 3678 373 3733 cet
387 3663 563 3750 quondam
583 3684 676 3734 arma
693 3665 783 3754 ejus,
811 3666 981 3756 regnique
993 3664 1153 3739 militiam
1169 3669 1283 3761 injus
1296 3671 1376 3745 suun

310 3762 475 3854 redegit,
503 3760 672 3854 vitroque
689 3777 796 3852 atque
816 3762 939 3837 vineto
957 3763 1101 3837 domum
1120 3763 1187 3839 sibi
1213 3792 1266 3843 ex
1286 3772 1374 3844 nobit

311 3880 461 3931 vacuam
493 3859 525 3931 δι
554 3864 676 3934 utilem
703 3864 938 3952 comparavit.
1006 3863 1137 3955 Longe
1166 3885 1298 3945 autem
1319 3867 1373 3943 aie

311 3957 404 4043 elle,
434 3973 475 4031 ut
501 3962 628 4048 aliquid
647 3964 689 4032 ab
707 3981 752 4033 eo
772 3977 953 4034 mutuatus
973 3962 1014 4034 sit
1030 3961 1247 4062 potestatis,
1278 3973 1374 4044 osten·

311 4058 385 4132 dit:
423 4059 589 4173 quando,
624 4065 681 4155 qui
704 4060 822 4143 secum
843 4082 919 4139 non
941 4060 1013 4161 est,
1047 4062 1250 4145 adversum
1272 4071 1375 4249 legin
