3317 4900
331 404 432 536 38⁹
505 437 507 442 '
660 431 698 510 S.
746 429 1057 510 etrum

230 613 233 620 '
329 595 609 696 ,regnicolarum
667 592 758 668 Haec
775 591 826 668 est
843 593 1059 684 Hierusalem,
1091 619 1159 692 qua
1171 595 1345 687 aedificatur
1362 613 1402 672 uu

340 703 488 775 civitas:
512 691 708 770 aedificatur
728 694 821 770 enim
836 715 951 786 oeque
964 695 1008 768 ad
1019 695 1112 769 diem
1127 696 1404 774 consummatio·

337 800 410 890 nir,
436 797 555 872 donec
573 794 729 868 introtin
742 814 819 868 eam
834 795 1022 888 plenitudo
1031 799 1204 892 gentium,
1229 803 1403 894 cujuspor-

339 904 484 995 rr'o'pario
499 896 538 995 ‘d
556 900 593 966 in
609 896 717 989 ipsum.
770 896 999 992 Quicumque
1015 896 1108 969 enim
1124 894 1159 970 se
1176 919 1197 970 a
1212 912 1308 969 coetu
1319 899 1406 973 San·

341 997 505 1088 erorum,
537 995 570 1068 δι
588 994 632 1068 ab
648 993 815 1068 Ecclesrae
833 1014 991 1087 corpore
1008 992 1191 1089 separant,
1217 998 1406 1093 participa·
1436 1003 1441 1010 '

339 1101 480 1174 tionem
495 1093 618 1170 sandtae
635 1091 731 1166 istius
746 1094 873 1167 domus
884 1115 960 1167 non
974 1094 1167 1172 habebunt.
1221 1098 1316 1193 Quia
1329 1120 1404 1193 par·

341 1197 508 1291 ticipatio
523 1192 1046 1286 civitatishuiuainipsumest:
1072 1198 1320 1291 omnesenim‚
1346 1200 1407 1291 qui

340 1317 419 1376 uno
440 1296 559 1389 animo
576 1290 677 1386 sunt,
703 1293 740 1366 in
760 1314 801 1366 ea
816 1309 941 1367 eruntz

444 1395 660 1482 Ascenderunr
676 1393 779 1462 tribus
796 1393 897 1463 tribus
912 1396 1055 1468 Domini.
1105 1392 1196 1467 Sunt
1210 1395 1319 1487 enim,
1347 1398 1408 1488 qui

343 1516 421 1576 non
448 1492 529 1568 sunt
554 1493 729 1583 Domini,
761 1494 889 1584 quibus
915 1491 1043 1566 ditium
1064 1491 1133 1566 est:
1177 1499 1239 1569 Vos
1255 1496 1323 1590 eflis
1335 1499 1410 1587 filii

293 1675 297 1692 ,
346 1596 488 1672 Dromo.
538 1590 671 1666 Tribus
692 1613 800 1687 ergo,
827 1614 903 1682 quae
922 1592 999 1665 sunt
1014 1591 1177 1685 Domini,
1202 1593 1409 1689 ascendent,

345 1696 382 1772 id
402 1693 474 1785 est,
501 1691 560 1783 qui
576 1689 770 1766 secundum
788 1691 1028 1768 testimonium
1045 1691 1114 1766 Dei
1127 1694 1264 1769 intrant
1283 1697 1319 1768 in
1334 1695 1410 1772 san-

347 1794 436 1874 nan
455 1793 653 1868 civitatem.
1259 1823 1262 1828 ·

446 1893 740 1986 Adconsttendum,
764 1892 892 1982 inquit,
917 1894 1041 1962 nomini
1055 1895 1132 1988 ejus.
1184 1889 1254 1966 Sed
1273 1892 1411 1968 confes·

346 1991 399 2070 sro
419 1991 481 2068 ista
492 1992 663 2085 iudicium
678 1989 740 2066 est.
789 1991 973 2081 judicatur
985 1993 1078 2064 enim
1095 2013 1159 2086 per
1176 2004 1256 2084 eoa,
1282 1994 1410 2085 quibua

306 2157 311 2174 .
348 2094 478 2170 ditium
496 2091 563 2166 est:
600 2093 755 2162 Sedebitis
770 2091 863 2187 super
879 2092 1031 2162 duodecim
1046 2092 1239 2175 tribunalia,
1261 2096 1411 2190 judican-

347 2210 396 2268 tes
420 2190 576 2266 duodecim
596 2192 698 2261 tribus
726 2192 834 2263 israel.
887 2189 977 2264 Non
996 2190 1108 2265 solum
1128 2193 1163 2265 hi
1175 2193 1411 2285 judicabunt,

348 2291 408 2370 sed
424 2293 457 2365 δι
472 2292 607 2387 Regina
617 2288 734 2362 Austri
751 2289 864 2384 &ipsa
876 2290 1064 2386 judicabit,
1091 2290 1310 2365 &Ninivitae
1325 2313 1412 2366 con·

340 2393 588 2477 ¹demnabunt3
616 2389 1414 2485 quiahipoenitentiampraedicanteJonaPro·

349 2494 458 2589 pheta
474 2506 642 2586 egerunt,
668 2490 700 2562 &
717 2488 853 2584 Regina
865 2490 980 2563 Austri
992 2513 1035 2563 err
1044 2491 1174 2564 ultimis
1187 2505 1289 2563 terrae
1303 2497 1414 2585 parti·

349 2597 417 2671 bus
440 2593 588 2663 veniens
604 2587 1018 2682 sapientiamSalornonis
1037 2591 1192 2663 audivit:
1219 2592 1414 2681 inquaRe·

353 2686 1414 2789 ginaEcclesraefiguraest,qttaeperegrina,&incognitapro-

351 2791 511 2868 nitentiae
527 2789 699 2880 credidit,
727 2790 759 2860 δι
778 2787 980 2880 sapientiam
1001 2789 1212 2862 desideravit
1231 2792 1362 2867 audire.

449 2892 539 2983 Quia
562 2890 624 2959 idio
640 2890 790 2975 sederunt
797 2891 881 2978 sedes
901 2898 936 2960 in
955 2894 1126 2987 judicium,
1155 2891 1240 2980 sedes
1250 2897 1344 2986 juper
1363 2893 1414 2963 do·

352 3011 436 3063 mum
458 2989 578 3061 David.
629 2988 729 3061 Sient
752 2991 844 3063 enim
866 2994 901 3061 in
922 2991 1049 3062 ceteris
1075 2991 1166 3062 locis
1190 3012 1324 3064 nomen
1344 2993 1415 3066 Dei

354 3110 399 3164 ex
421 3109 579 3180 corpore
595 3088 665 3176 esta
694 3110 790 3163 nune
812 3110 956 3178 quoque
974 3091 1154 3179 Scriptura
1170 3091 1279 3183 ipsum
1296 3091 1416 3167 Deum

353 3186 477 3261 David
497 3204 702 3284 nuncupat,
740 3209 876 3265 nomen
898 3191 931 3263 ei
952 3211 997 3263 ex
1016 3203 1167 3282 parente
1191 3191 1303 3265 carnis
1327 3191 1419 3266 assu·

354 3308 469 3367 mens.

457 3391 593 3481 Rogare,
617 3410 685 3482 quae
705 3388 744 3458 ad
766 3408 867 3482 potem
877 3385 975 3473 suot,
1014 3387 1219 3475 Hierusalem.
1271 3389 1419 3485 Rogate

356 3508 433 3563 non
444 3486 584 3577 orandi,
613 3486 924 3581 sedinterrogandi
935 3487 1125 3561 sermoest:
1151 3510 1273 3580 pacem
1284 3491 1419 3565 discere

351 3589 394 3661 -in
412 3588 605 3661 voluntate
621 3585 670 3659 est
688 3587 917 3660 audientium.
973 3586 1062 3659 Cum
1080 3587 1170 3659 enim
1185 3588 1328 3680 depace
1342 3594 1418 3682 ejus

357 3687 685 3781 interrogaverint,
719 3702 805 3758 tunc
824 3688 1057 3774 laetabuntur,
1085 3703 1171 3757 tunc
1191 3687 1418 3762 confidenter

358 3784 479 3859 dicere
502 3801 692 3879 poterunt:
729 3790 768 3858 In
791 3792 910 3855 domum
930 3792 1066 3857 Domini
1087 3791 1210 3859 ibimus.
1276 3790 1417 3861 Dehinc

358 3882 534 3973 sequitur:
565 3888 632 3963 Pax
649 3894 688 3960 in
698 3893 825 3960 virtute
842 3904 919 3983 tua,
953 3886 992 3965 di
1005 3888 1207 3962 abundantia
1220 3892 1258 3958 ἐπ
1276 3891 1418 3960 turribus

229 4020 240 4035 -
359 3990 441 4059 tuis.

1259 4276 1262 4281 Ι
1299 4166 1372 4260 Pax
