3317 4900
269 358 361 519 '264
625 413 663 495 S.
711 415 1060 495 Hrtartt·

286 598 405 662 tatur:
430 581 494 657 vel
508 579 607 674 quod
623 581 737 655 horno
755 579 827 673 ipse
846 579 969 654 decem
986 577 1201 671 quibusdam
1215 579 1359 657 chordis

287 685 514 774 manibusue
544 682 694 775 pedibus
721 695 915 774 extentus,
949 679 1128 772 perseum
1147 679 1359 775 spiritalium

289 804 442 880 operum
459 781 602 858 suorum
621 779 718 877 gestu
735 793 910 870 motuque
926 779 973 852 stc
988 778 1132 874 psallat,
1157 794 1206 854 ut
1226 783 1358 856 cantio·

287 906 372 962 rtem
394 903 530 956 novam
545 881 637 954 hanc
660 895 798 953 cantet:
827 881 1289 974 Quidassalutemregilu13
1313 901 1358 956 re·

288 985 416 1082 gibus,
442 979 790 1074 quibusditlunest:
816 979 1359 1075 Venitebenedittil'atriemei,

291 1082 465 1180 poffidete
485 1095 718 1177 preparatum
750 1081 859 1151 vobis
884 1100 1031 1176 regnum
1055 1105 1074 1154 a
1094 1079 1359 1156 constitutione

290 1182 434 1260 mundi:
479 1182 538 1272 qui
563 1181 703 1254 nobiles
724 1180 910 1274 ligabunt,
949 1181 1008 1270 qui
1028 1199 1130 1276 reges
1155 1181 1358 1255 manicis&

212 1313 214 1318 ·
293 1280 531 1372 compedibus
551 1278 817 1378 constringent,
844 1280 904 1372 qui
920 1281 1156 1374 judicabunt,
1185 1299 1357 1379 arguent,

293 1379 543 1458 vindicabunt
667 1391 669 1396 '
1284 1427 1290 1432 -
1393 1417 1395 1422 ·

396 1499 453 1554 21.
478 1476 529 1550 Et
543 1477 737 1571 quomodo
759 1477 849 1552 salus
872 1479 1012 1575 regibus
1025 1477 1149 1569 detur,
1184 1479 1360 1556 ostendit:

292 1583 384 1756 gui,
416 1579 557 1673 inquit,
588 1578 699 1649 liberas
721 1579 971 1666 Davidservum
991 1595 1101 1665 tuum,
1128 1599 1216 1652 eum
1236 1603 1359 1675 nempe

334 1677 436 1768 auid,
472 1677 606 1770 dequo
628 1678 685 1751 hic
704 1679 797 1752 idem
818 1680 908 1776 liber
927 1701 971 1753 ex
991 1677 1140 1771 persona
1159 1677 1241 1756 Dei
1258 1684 1359 1774 patric

295 1781 368 1856 elio
391 1776 528 1851 Psalmo
549 1778 762 1871 prophetat:
800 1778 903 1850 Posui
928 1778 1143 1868 adjutorium
1165 1775 1285 1873 super
1306 1801 1355 1875 pa·

294 1893 454 1969 tentem,
492 1875 526 1949 ἀ
549 1879 706 1950 exaltavi
723 1877 874 1951 electum
897 1878 942 1949 de
961 1880 1068 1969 plebe
1088 1899 1177 1954 mea.
1237 1879 1353 1955 lnveni

294 1976 419 2068 David
445 1974 587 2072 servum
613 1998 751 2068 meum,
791 1979 878 2048 oleo
904 1976 1024 2050 sanilo
1043 1999 1125 2051 meo
1149 1981 1248 2052 unxi
1277 2003 1359 2056 eum

294 2078 428 2176 Manus
442 2078 537 2150 enim
553 2098 630 2151 mea
648 2076 926 2152 auxiliabiturei.
979 2076 1284 2170 ipseinvocabit:
1310 2081 1361 2154 ta

295 2191 473 2251 termetis
496 2197 533 2248 et
557 2190 617 2260 tu;
651 2175 750 2248 Deus
771 2196 892 2267 metu,
918 2169 1105 2270 susceptor
1124 2178 1254 2253 salutis
1271 2201 1363 2257 meu.

295 2273 347 2352 Et
368 2296 454 2371 ergo
478 2275 754 2370 primogenitum
779 2279 911 2368 ponam
932 2297 1035 2366 etam,
1062 2276 1249 2353 excelsum
1266 2280 1366 2374 supet

297 2395 538 2473 omneeregea
555 2387 668 2447 terrae.
720 2373 771 2447 Et
786 2373 884 2450 sedes
901 2378 976 2469 eiua
993 2376 1080 2451 ficut
1096 2377 1150 2449 sol
1165 2378 1206 2457 in
1219 2379 1365 2473 conspe-

299 2474 357 2550 tlu
376 2496 482 2565 meo,
508 2472 648 2548 &sicut
665 2475 748 2548 luna
770 2476 927 2567 perfetta
940 2481 976 2548 in
994 2491 1189 2571 aternum,
1220 2478 1367 2553 &testis

297 2577 336 2650 in
357 2578 449 2649 coelo'
462 2571 588 2649 fidelis.
640 2571 688 2646 Et
707 2574 843 2648 rursum
860 2580 896 2648 in
915 2575 1050 2648 Psalmo
1068 2579 1200 2652 eodem
1225 2600 1275 2654 ex
1290 2600 1367 2673 per·
1399 2612 1401 2623 ·

296 2675 385 2750 sona
408 2677 487 2768 ejus
505 2674 549 2759 ad
566 2672 725 2747 Patrem:
741 2702 743 2707 ·
758 2674 859 2748 Sicut
875 2674 996 2767 jurasti
1013 2677 1134 2748 David
1149 2680 1189 2750 in
1209 2683 1369 2754 veritate

297 2789 375 2854 tua,
398 2773 636 2863 memoresto,
665 2773 836 2865 Domine,
865 2775 1244 2874 opprobriiservitui,
1275 2779 1367 2873 quod

298 2874 466 2946 continui
489 2874 525 2946 in
541 2872 616 2944 sinu
633 2894 716 2946 meo
731 2877 919 2948 multarum
938 2876 1109 2970 gentium.
1162 2880 1288 2974 Quod
1313 2900 1366 2953 er·

296 2973 567 3068 probravcrunt
581 2972 714 3046 inimici
731 2977 804 3055 tui,
838 2976 1019 3067 Domine,
1054 2974 1151 3065 quod
1167 2983 1366 3069 exprobra·

298 3086 433 3147 verunt
452 3074 772 3145 commutationem
788 3070 914 3144 Christi
937 3076 1001 3148 tui.
1054 3076 1272 3167 Opprebria
1287 3081 1367 3156 mul·

297 3186 414 3245 tarum
434 3174 594 3266 gentium
615 3175 651 3244 in
671 3172 781 3245 sinum
811 3171 909 3246 suum
928 3173 1050 3245 David
1072 3175 1131 3246 hic
1146 3195 1246 3247 unus
1268 3201 1367 3252 exte·

297 3271 365 3364 pit.
415 3267 491 3363 lpse
512 3272 605 3343 enim
626 3286 773 3360 peccata
792 3271 911 3344 nostra
926 3272 1101 3366 suscepit,
1127 3274 1366 3352 &infirmita

298 3385 357 3443 tes
380 3368 515 3442 nostras
544 3372 729 3461 portavit3
761 3372 881 3444 livore
908 3375 982 3463 ejus
1006 3394 1080 3446 non
1105 3370 1212 3444 sanati
1233 3375 1367 3452 stemus.

298 3469 451 3543 stadum
467 3469 662 3541 hicDavid
678 3472 868 3561 liberatur,
894 3473 927 3546 ἃ
944 3476 1021 3568 lege
1038 3474 1162 3545 mortis
1179 3476 1368 3569 eximitur,

297 3567 390 3642 salus
414 3589 561 3661 quoque
582 3570 724 3664 regibus
753 3571 865 3643 datur.
917 3571 992 3662 lpse
1009 3572 1059 3645 est
1078 3577 1170 3645 enim
1186 3576 1369 3673 primoge-

298 3670 395 3742 nitus
423 3689 468 3740 ex
482 3672 645 3744 mortuis.
697 3667 744 3738 tt
763 3686 802 3740 ut
820 3674 856 3742 in
877 3671 993 3744 Adam
1016 3694 1141 3744 omnes
1164 3677 1365 3768 morimur,

299 3766 352 3840 ita
375 3767 409 3838 ot
432 3768 468 3839 in
483 3765 629 3839 Christo
651 3789 775 3842 omnes
791 3769 1021 3865 resurgemus.
1072 3771 1267 3846 Liberatio
1284 3796 1364 3870 ergo

303 3867 403 3956 ejus,
435 3865 524 3940 salua
542 3886 662 3962 regum
682 3866 746 3943 est.
803 3869 1128 3964 Regnabuntenim
1153 3874 1359 3950 conformet

300 3965 424 4062 gloriae
441 3964 530 4058 suae,
558 3987 621 4060 per
643 3966 821 4040 assumtam
843 3974 885 4042 ab
909 3993 954 4043 eo
977 3984 1109 4041 naturae
1128 3970 1263 4043 mostrae
1289 3994 1368 4048 con·

296 4062 540 4160 junctionem,
577 4068 712 4143 rursum
734 4090 861 4143 omnes
883 4069 920 4144 in
944 4085 1080 4144 natura
1105 4072 1180 4165 eJus
1209 4093 1374 4147 commu·

304 4166 417 4241 niune
431 4163 593 4246 mansuri.
1155 4192 1214 4248 22.
1240 4170 1325 4247 Eri·
