3317 4900
344 457 393 535 32
674 430 712 508 8.
762 431 1068 512 Hrunurr

343 597 462 692 surm,
497 593 801 670 &ambulabimus
817 595 854 669 in
875 617 928 673 ea.
990 595 1125 671 Tribus
1145 599 1238 676 enim
1256 595 1410 678 Domini

343 699 535 776 dixerunt:
560 691 937 784 Venitonsc'endrmus
956 698 1171 772 admontem
1184 699 1345 795 Domini,
1374 705 1410 779 ἀ

340 798 538 878 imdomu'm
548 793 619 868 Dei
629 791 762 888 Jacob:
790 795 1067 871 &annuntiabit
1077 800 1184 872 nobis
1195 804 1287 873 vium
1297 803 1407 897 iunm,

309 983 311 988 ,
344 899 382 976 ὰ
406 895 661 972 ambulabimus
678 895 716 969 in
735 914 789 970 en.
841 892 898 970 Ex
917 896 1007 971 Sion
1030 900 1124 973 enim
1146 900 1244 976 exiet
1264 901 1341 990 lert,
1372 904 1408 975 ὰ

344 998 498 1076 verbum
523 993 672 1074 Domini
695 995 959 1089 ex=Jerusrlenn
1018 987 1076 1072 Εἰ
1093 998 1287 1095 Jerusalem
1312 1006 1407 1079 enim

346 1100 472 1176 exient
490 1096 642 1170 verbum
657 1091 825 1182 Domini,
851 1100 955 1171 venit
968 1098 1012 1173 ad
1027 1113 1164 1194 gentes.
1217 1099 1407 1174 Haeintto·

341 1210 438 1276 ¹nunt
450 1198 489 1274 in
502 1192 650 1272 onom
668 1194 877 1289 civitatem,
903 1200 939 1270 in
954 1197 1194 1272 testimonium
1209 1198 1326 1277 lsrael.

448 1306 482 1380 8.
507 1294 549 1368 ln
561 1292 659 1384 quod
676 1293 817 1368 tandem
831 1295 1098 1372 testimonium?
1124 1301 1407 1392 Arruntanum,
1448 1341 1451 1354 ι

343 1401 479 1497 inquit,
504 1398 627 1468 nomini
646 1397 792 1467 Domini.
843 1394 979 1470 Tribus
994 1398 1089 1474 enim
1103 1393 1251 1472 Domini
1271 1421 1408 1476 nomen

337 1500 498 1582 Domini
526 1489 761 1576 confitentur.
833 1495 919 1571 Hoc
942 1514 1060 1571 autern
1089 1497 1139 1572 est
1166 1496 1409 1575 testimonium

338 1602 464 1684 israel.
513 1594 577 1670 ille
593 1591 1108 1672 lsrae1·anominoin1³narao
1125 1585 1343 1691 uindicatus,
1371 1604 1408 1674 in
1450 1561 1453 1700 i

345 1703 435 1784 mari
449 1699 613 1788 ablutus,
645 1697 682 1767 in
700 1692 842 1769 deserto
865 1695 1088 1792 Angelorum
1106 1699 1189 1771 cibo
1204 1697 1341 1792 pastus,
1369 1703 1405 1774 in
1449 1703 1453 1802 ξ

233 1841 250 1884 a
345 1807 382 1882 le
440 1796 621 1888 eruditur,
646 1796 683 1869 in
698 1796 888 1890 prophetis
908 1796 1139 1891 objurgatus,
1165 1800 1408 1874 innativitate
1450 1813 1453 1822 '

335 1924 368 1980 ,ι
412 1900 537 1975 omino
548 1892 843 1990 perconsortium
853 1898 1018 1988 corporis
1034 1895 1228 1992 susceptus,
1253 1902 1288 1972 in
1298 1921 1407 1973 cruce

335 2003 373 2082 fi
393 1995 558 2075 meieret
576 1995 750 2086 iniuntur,
791 1994 827 2067 in
852 1993 1148 2073 resurreiiioneir
1169 1997 1407 2074 confiteretur

345 2095 588 2202 glorificatus,
613 2092 700 2168 nihil
717 2095 847 2168 horum
864 2094 961 2170 suum
981 2095 1148 2192 credidit,
1174 2102 1261 2173 nihii
1276 2101 1405 2175 horum
1444 2143 1449 2150 -

345 2221 491 2281 monere
514 2196 612 2271 suum
639 2194 769 2270 voluit.
820 2193 987 2280 ,Haben
1011 2218 1162 2291 munna,
1199 2220 1407 2276 cucumeres

339 2299 499 2399 AEgypti
523 2294 756 2385 desideravit3
793 2294 908 2390 legem
927 2297 1013 2370 vitm
1031 2318 1052 2368 a
1072 2295 1156 2373 Deo
1176 2299 1405 2394 exspectans,

242 2417 244 2434 ¹
273 2437 298 2456 ι·
339 2404 501 2477 -vitulum
520 2395 705 2482 adoravit3
730 2394 928 2488 prophetas
949 2397 1092 2470 audiens
1113 2401 1259 2474 occidit.
1325 2399 1409 2475 Vir·

337 2504 438 2603 -ginis
460 2510 601 2594 partum
626 2494 884 2591 prophetatum
910 2496 971 2569 fibi
990 2496 1191 2571 infamavit:
1232 2500 1351 2575 Deum
1372 2505 1408 2575 in

346 2623 455 2677 carne
468 2618 546 2676 non
564 2595 736 2694 credidit,
761 2597 902 2688 peccati
919 2594 1136 2672 remifforem
1155 2598 1242 2672 falso
1264 2603 1406 2691 peccati

338 2723 447 2776 reum
470 2699 605 2794 arguit,
643 2695 796 2771 emitari
821 2708 1000 2789 mortem,
1037 2699 1073 2770 in
1092 2719 1234 2774 crucem
1258 2699 1406 2777 sustulit.

229 2816 233 2825 '
345 2793 750 2877 Testesresurretiionin
764 2794 1179 2892 adfilentiumcorrupit:
1204 2797 1406 2892 Apostolos

340 2915 467 2977 morte
487 2892 681 2972 interfecit.
743 2894 786 2969 In
811 2896 885 2968 hoc
911 2895 1049 2970 sceleris
1076 2896 1123 2970 sui
1143 2898 1408 2995 testimonium,

341 3002 460 3075 tribus
477 2996 625 3070 Domini
645 2992 850 3069 ascendunt.
899 2994 952 3067 Ilii
971 2996 1174 3087 promiiium
1191 2999 1254 3091 est,
1281 3002 1410 3073 hmob·

336 3103 477 3175 ¹tinent.
524 3094 621 3169 Illius
637 3093 906 3186 testamentum,
933 3092 992 3168 sed
1006 3097 1128 3171 harum
1144 3098 1328 3172 haereditas
1343 3099 1408 3176 est.

345 3200 457 3275 Hunc
478 3198 553 3291 ejus
574 3194 806 3286 cruciarium,
842 3194 959 3268 Deum
977 3195 1073 3267 suum
1093 3198 1206 3270 tribus
1229 3197 1409 3273 confiten-

335 3312 419 3377 tur.
469 3297 510 3372 in
526 3296 600 3369 boc
614 3296 734 3386 itaque
748 3294 956 3370 testimonio
970 3295 1136 3392 *agnoscit
1152 3296 1283 3387 israel,
1299 3318 1409 3388 quern

349 3396 573 3495 compunxit,
600 3394 635 3467 ἃ
651 3395 694 3469 rb
709 3393 847 3468 acceffu
861 3397 936 3486 ejnn
951 3396 1146 3483 inhibetur,
1174 3418 1277 3483 quem
1293 3396 1411 3471 resur·

346 3493 730 3577 rexiss'enoncredidit.
781 3493 1113 3590 HuncArchangeii
1129 3495 1294 3587 adorant,
1320 3496 1408 3571 huic

347 3620 474 3675 omnes
499 3591 658 3669 celestes
682 3597 838 3668 virtutes
858 3594 1075 3686 ministrant,
1114 3592 1172 3666 hic
1192 3597 1308 3668 tribus
1328 3596 1408 3671 sunu

348 3700 557 3773 conformet
572 3697 694 3791 glorie
712 3695 878 3788 corporis
892 3691 941 3767 sui
960 3693 1109 3786 praestnt.
1171 3689 1407 3770 Confitentur

347 3820 438 3895 ergo
457 3796 595 3874 nomini
612 3793 782 3881 Domini,
809 3797 891 3885 quia
904 3793 1003 3866 Deus
1023 3792 1096 3882 est,
1123 3796 1204 3883 quia
1218 3794 1311 3868 filins
1327 3795 1405 3867 uni·

347 3901 488 3998 genitus
503 3896 651 3995 ingeniti
662 3893 722 3970 cst.
774 3891 895 3966 Inhoc
905 3895 1024 3985 itaque
1034 3893 1274 3968 testimonium
1285 3893 1404 3987 lsrael,

346 4003 384 4073 in
401 3997 546 4072 domurn
563 3997 711 4073 Domini
724 3994 838 4067 tribus
855 3992 1002 4072 Domini
1017 3990 1286 4090 conscendunt,
1315 4013 1408 4069 con·

339 4095 644 4182 ¹fiterrternomini
656 4092 820 4182 Domini.
1018 4098 1023 4120 ·
1288 4112 1399 4273 saa

1227 4220 1261 4298 9.
1314 4220 1333 4273 e
