3317 4900
342 402 625 540 ancrrrua
649 478 697 532 ru
723 453 942 550 CXXXIX.
967 452 1203 536 Psrnmum.
1252 480 1323 537 nrt
1423 579 1427 588 ι

263 629 325 704 via
348 622 624 720 publicanorum
651 620 704 710 ei,
727 619 799 709 qui
819 631 1054 713 peccatorum
1070 615 1121 692 est
1137 618 1323 718 remissor,

263 727 498 820 exprobrant.
549 718 664 793 Funer
679 718 785 792 etiarn
801 716 1086 791 extenderuntin
1097 717 1324 812 muscipulam
1412 727 1415 732 '

264 828 416 924 pedibus
434 822 528 911 eius:
554 835 634 891 cum
648 819 820 892 tributum
837 815 1017 910 poscitur,
1044 838 1124 892 eum
1141 819 1186 891 de
1204 820 1324 898 dando

265 922 393 1000 Caesari
409 921 548 993 tributo
565 919 820 1012 interrogatur.
867 913 1074 1010 noscentes
1092 930 1212 992 nutem
1225 917 1325 1015 supe·

264 1029 340 1099 rius
362 1024 507 1112 laqueue
524 1016 612 1110 fuit,
648 1034 746 1091 nunc
763 1029 883 1090 autem
898 1015 1002 1090 funes
1023 1018 1059 1090 in
1077 1019 1242 1109 laqueum
1262 1041 1325 1094 etr·

266 1122 355 1198 tenir
373 1120 468 1193 sunt:
492 1132 534 1190 ut
547 1110 702 1191 validior
720 1115 1083 1210 hicinterrogatiouit
1095 1119 1241 1211 laqueus
1252 1117 1325 1198 effe

268 1220 478 1297 nosceretur
494 1219 529 1290 in
547 1216 714 1308 funibus,
740 1236 821 1290 cum
842 1233 906 1309 per
924 1213 1106 1292 extensum
1124 1217 1324 1318 interroga·
1370 1223 1374 1229 ’

268 1322 379 1394 tionis
397 1323 573 1411 laqueum,
599 1315 766 1408 captiosae
784 1320 827 1390 ab
844 1336 891 1388 eo
905 1314 1323 1411 profeffionitresponsro

268 1417 434 1495 adversus
454 1436 590 1490 nornen
611 1414 752 1488 cesaris
767 1430 997 1506 quereretur.
1060 1411 1324 1497 Continuantea

268 1536 385 1596 autem
401 1517 533 1593 semitae
552 1513 711 1588 scandala
729 1513 927 1608 posuerunt
945 1518 997 1589 ei:
1022 1531 1106 1592 cum
1118 1515 1164 1590 de
1182 1520 1325 1596 mando·

266 1622 313 1693 tis
333 1619 420 1713 legia
439 1618 743 1711 interrogaretur,
779 1629 859 1688 curn
879 1614 981 1687 dives
988 1655 1001 1697 ,
1035 1615 1104 1712 legi
1125 1629 1258 1710 utpote
1274 1617 1326 1695 sa.

267 1719 469 1808 ossariam,
492 1716 575 1807 quid
593 1715 654 1798 fibi
676 1713 791 1787 adhuc
807 1711 914 1804 defit,
939 1715 1108 1804 requirit,
1132 1731 1213 1792 eum
1229 1717 1326 1811 apud

266 1840 347 1894 eum
365 1818 410 1891 de
430 1816 567 1909 repudii
583 1815 795 1888 conditione
813 1810 995 1885 trritatur.
1051 1813 1139 1888 nee
1160 1817 1255 1894 enim
1273 1819 1328 1894 in·

268 1914 802 2012 terrogationumscandalaviae
816 1909 1224 2010 sundotirinaequeiegia
1237 1937 1326 1994 con-

267 2022 405 2089 tinuata
426 2014 642 2086 statueruntt
676 2027 717 2085 ut
740 2011 802 2087 sub
819 2011 957 2105 speeie,
982 2030 1162 2088 acetrum
1180 2014 1327 2091 familia·

266 2118 394 2196 ritate,
429 2113 507 2203 qirae
526 2112 563 2184 in
583 2111 816 2207 legeseriptae
835 2111 936 2204 sunt,
967 2109 1222 2206 questionum,
1248 2117 1327 2190 haeo

267 2215 303 2289 ei
327 2215 460 2303 ubique
486 2211 776 2298 continuantium,
790 2209 920 2286 semitm
943 2213 1268 2309 interrogationum
1290 2216 1332 2290 &t

267 2312 537 2410 responsionum
558 2309 717 2382 scandala
732 2324 964 2402 ponerentur.

356 2429 402 2507 ,7.
428 2410 548 2487 Nobis
565 2425 682 2483 autern
698 2410 918 2485 meminimus
932 2411 1090 2502 vimque
1105 2411 1236 2487 nostrae
1248 2414 1327 2489 ubi·

267 2536 338 2606 que
356 2510 482 2603 funes,
517 2513 649 2600 ubique
669 2502 849 2602 scandala,
880 2511 1013 2601 ubique
1031 2512 1180 2601 laqueos
1198 2534 1326 2588 occun
1415 2520 1422 2533 ‘

265 2634 369 2686 reret
394 2613 552 2703 nihilque
572 2608 663 2703 effe,
690 2612 751 2683 ubi
768 2624 847 2682 non
860 2619 1041 2702 praetentae
1060 2611 1168 2686 nobis
1188 2612 1325 2711 semper

266 2712 398 2787 insidiae
417 2709 495 2786 fiut.
546 2702 595 2781 Et
613 2707 754 2784 difficile
768 2706 820 2782 est
834 2723 929 2787 nune
943 2711 1074 2800 laqueo
1088 2724 1253 2789 ventrem
1266 2716 1327 2789 ab·

265 2812 430 2885 solvere:
457 2810 537 2901 quia
554 2808 717 2883 confusio
734 2810 802 2881 iliis
820 2807 885 2901 est,
911 2825 1064 2902 quorum
1081 2809 1181 2899 Deus
1195 2828 1326 2899 venter
1347 2846 1353 2859 ·

264 2909 328 2987 est.
379 2901 512 2982 Rarum
524 2911 629 2982 etiam
644 2907 694 2983 est
706 2909 979 3000 nuncalaqueo
993 2911 1140 2985 oculum
1153 2913 1324 2990 liberarer

265 3011 369 3102 quia,
384 3094 386 3098 ,
404 3009 465 3099 qui
489 3008 533 3081 ad
548 3007 875 3101 concupiscentiam
896 3008 1012 3100 vidit,
1044 3010 1116 3100 jum
1129 3014 1325 3089 moechatur

264 3098 302 3182 in
321 3109 433 3181 corde
445 3106 506 3181 est.
555 3106 720 3183 Arduum
734 3129 881 3202 quoque
896 3107 1109 3205 estlinguaru
1124 3112 1252 3202 laqueo
1265 3134 1327 3189 ex·

262 3208 394 3283 imeret
428 3208 472 3281 de
489 3208 588 3281 omni
610 3210 703 3284 enim
720 3206 843 3282 otioso
862 3208 978 3282 verbo
995 3209 1032 3282 in
1052 3209 1109 3281 die
1121 3208 1244 3300 judicii
1257 3212 1327 3285 erit

264 3310 360 3381 ratio
387 3307 579 3393 reddenda.
640 3302 792 3381 Maximi
811 3308 918 3381 etium
935 3307 1067 3385 laboris
1088 3307 1141 3384 est
1159 3330 1224 3383 cor
1243 3332 1262 3384 a
1278 3312 1327 3386 la·
1432 3356 1434 3361 ·

266 3426 363 3495 queo
381 3399 536 3479 referre:
577 3407 677 3479 maiae
701 3408 794 3480 enim
813 3407 1055 3502 cogitationes
1068 3407 1115 3481 do
1134 3410 1245 3483 corde
1265 3431 1327 3483 ex·

268 3520 368 3578 eunt.
416 3504 465 3579 Hi
487 3502 653 3579 omnibus
670 3508 776 3579 nobis
786 3506 903 3598 laquei
915 3508 1048 3599 ubique
1056 3508 1215 3601 praetensr
1227 3506 1328 3584 sunta·

266 3603 303 3676 ἅ
324 3605 477 3679 orandun
501 3605 553 3679 est
578 3606 777 3696 Dominus,
810 3622 853 3678 ut
872 3608 916 3680 ab
934 3599 988 3681 hir
1004 3608 1172 3682 omuibus
1188 3608 1324 3702 laqueis

265 3698 352 3776 frdei
367 3701 496 3776 nostrae
513 3705 639 3796 pennis
656 3706 688 3777 fit
705 3703 828 3797 spiritu
842 3708 1046 3783 evolemus.

370 3809 404 3884 8.
432 3801 576 3878 Dehinc
595 3804 768 3900 sequiturr
797 3810 882 3877 Dixi
899 3812 1061 3879 Dominor
1087 3809 1175 3879 Deus
1196 3824 1327 3885 mrum

265 3913 325 3975 rur
351 3907 517 3989 inaurire,
545 3910 701 3991 Demiru,
726 3922 829 3975 vocam
848 3912 1005 3979 orationis
1027 3931 1107 3979 mea.
1167 3900 1325 3993 Dumium

266 4010 379 4077 virtus
403 4003 522 4090 falaris
547 4027 635 4095 rnre,
671 4005 855 4101 obumbrasti
874 4006 969 4102 super
984 4024 1077 4103 caput
1099 4028 1197 4081 mrum
1217 4017 1255 4080 in
1274 4013 1326 4084 die

264 4099 347 4179 Mi.
398 4103 601 4196 Marum,
629 4104 1378 4318 Dominmlpidrrhmanarrria&
1398 4172 1417 4207 x
