3317 4900
575 470 648 560 ¹na
673 447 869 527 summ
894 451 1101 529 Hrtnnu.
1242 471 1379 532 mvn

308 609 373 710 (or
386 609 500 688 fraus
516 608 569 686 est
581 611 619 685 in
633 632 722 705 pace
738 613 844 686 iocus
860 610 989 712 ejus3)
1013 605 1220 687 'conventus
1238 612 1299 687 ille
1313 613 1376 688 be·

305 747 477 826 auorum,
504 732 563 825 qui
580 731 650 806 Dei
675 728 836 829 (restius
858 731 1034 831 Domini)
1060 752 1208 830 regnum
1224 730 1285 823 e'st,
1311 730 1366 828 Je-

304 843 459 953 rusalem
474 839 639 945 tauquam
656 853 785 926 civitas
802 853 899 947 pacis
915 852 965 927 est
984 850 1107 929 ditius.
1118 853 1146 896 “

407 972 539 1065 Neque
552 974 742 1070 negaverit
756 972 939 1065 quitquam
954 971 1031 1048 heo
1047 972 1091 1046 ad
1105 988 1254 1070 regnum
1265 963 1375 1044 Chri·-

299 1091 347 1169 sti
374 1093 561 1167 referenda
587 1091 679 1175 eiie,
716 1114 798 1167 cum
820 1091 866 1165 de
890 1112 932 1165 ea
952 1090 1143 1186 Jerusalem
1165 1087 1232 1163 fiut
1255 1086 1367 1184 diua,

302 1234 384 1306 quae
400 1233 463 1307 per
480 1208 776 1286 resurreuionem
797 1211 959 1286 noudum
973 1210 1215 1287 consummata
1228 1208 1294 1301 fit,
1319 1208 1367 1283 da

303 1354 373 1425 qua
397 1334 563 1410 nimirum
584 1331 750 1427 proxime
773 1329 973 1423 subjicitur:
1012 1330 1244 1426 „Civitatem
1272 1346 1364 1401 vero

301 1453 394 1527 hanc
417 1452 536 1547 vivia,
573 1466 616 1526 ut
636 1454 685 1526 ait
703 1448 922 1545 Apostolus,
957 1451 1131 1550 lapidibus
1153 1444 1367 1526 extrenum

300 1568 512 1646 Sanstorum
538 1586 651 1646 coetua
673 1570 872 1648 conformis
898 1574 1020 1669 gloriae
1041 1571 1115 1646 Dei
1138 1589 1185 1645 ex
1211 1555 1365 1643 resurress

301 1688 422 1766 &ione
440 1690 711 1768 consummat.“

248 1821 252 1854 ¹
403 1811 516 1908 Quod
535 1811 580 1886 ad
603 1813 751 1888 nomina
769 1810 920 1900 attinet,
950 1829 1096 1906 reguum
1118 1807 1190 1883 Dei
1207 1804 1364 1881 Pataita
1406 1819 1409 1826 ’

297 1927 382 2008 Filii
395 1950 509 2027 regno
524 1931 665 2007 duobus
683 1928 1059 2026 presertimadjunun
1069 1929 1274 2033 oittinguit:
1300 1936 1363 2001 aut

299 2050 400 2126 euim
419 2050 505 2125 illud
527 2052 635 2149 coeiefle
654 2072 824 2150 regnum,
857 2049 938 2127 cum
956 2049 1059 2124 suum
1078 2047 1182 2141 ipiiua
1200 2046 1364 2142 respicit,
1430 2076 1435 2094 ¹

304 2179 372 2240 aut
387 2186 467 2243 cum
483 2189 614 2264 aevum,
638 2187 789 2242 aternum
805 2173 1051 2267 cognominat.
1104 2168 1250 2268 Quippe
1262 2164 1362 2259 quod

299 2286 339 2362 in
359 2284 411 2362 Ps.
432 2310 511 2378 144.
529 2294 562 2381 §.
586 2294 641 2366 16.
661 2289 746 2363 &in
768 2289 820 2366 Ps.
847 2300 927 2383 148.
945 2288 977 2388 §.
993 2298 1028 2371 8.
1045 2312 1174 2387 regnum
1193 2305 1361 2362 aternum}

299 2406 340 2483 in
353 2404 405 2485 Ps.
422 2429 504 2514 tuo.
522 2414 556 2503 §.
576 2414 631 2484 16.
650 2435 780 2524 feguum
792 2412 918 2512 celeste,
946 2434 1073 2507 reguum
1087 2410 1248 2498 coriorum,
1272 2422 1362 2479 eter-

298 2551 378 2601 mm
391 2527 431 2607 U
449 2529 570 2602 beatum
590 2556 736 2626 regnum:
762 2531 968 2632 &prologo
986 2533 1024 2607 in
1037 2525 1284 2631 Psalterium§.
1297 2549 1360 2602 11:

293 2645 414 2741 Ιωέῑα
430 2653 581 2722 ciuitatis
596 2651 635 2729 U
646 2653 768 2749 taeitflir
787 2653 968 2750 Jerusalem
981 2669 1135 2750 temporo:
1160 2646 1360 2741 nuncupari

298 2769 426 2861 audis,
461 2769 505 2842 ad
530 2790 641 2845 unum
661 2771 733 2846 Dei
755 2792 903 2868 reguum
930 2772 1024 2851 haud
1053 2770 1160 2845 dubie
1186 2769 1357 2865 pertinet.

296 2887 464 2984 Regnum
484 2902 602 2966 autem
623 2889 772 2985 Christi,
809 2893 971 2984 quamuis
988 2890 1149 2985 pluribua
1168 2910 1211 2963 ac
1227 2880 1366 2985 magni«

296 3005 377 3085 ficis
395 3010 523 3089 ¹titulis
553 3013 710 3106 appellet
724 2996 744 3103 ,’
774 3031 949 3103 nusquam
978 3024 1096 3085 tamen
1123 3006 1265 3084 coeleste
1290 3016 1359 3080 aut

296 3140 483 3204 eternum.
758 3203 760 3205 ,
899 3126 905 3140 “

399 3250 621 3346 Quamquam
641 3249 715 3323 hoc
733 3248 795 3324 etsi
809 3269 982 3342 nusquam
1000 3268 1147 3346 regnum
1162 3260 1364 3338 aeternum,
1445 3244 1447 3259 ⁴

296 3369 469 3443 tamenin
484 3367 535 3441 Ps.
554 3391 611 3461 57.
630 3364 662 3463 u.
679 3373 712 3443 6.
735 3374 871 3467 requiem
887 3348 1035 3441 aternum
1050 3380 1173 3445 vocat.
1221 3364 1357 3461 „Inter

296 3486 389 3579 haec,
412 3487 543 3582 inquit,
565 3486 647 3582 justi
663 3489 846 3581 cujusque,
872 3503 1048 3580 tamquam
1060 3483 1356 3564 LazariinAbra·

295 3604 354 3678 har
369 3603 440 3679 sunu
459 3605 712 3705 requiescentis
729 3608 851 3683 lotitia
866 3607 1080 3682 monstratur
1106 3664 1115 3685 .
1143 3662 1153 3681 .
1179 3661 1188 3680 .
1214 3600 1356 3675 Laetitia

289 3720 380 3821 justi
401 3724 471 3820 est,
503 3747 584 3802 cum
609 3726 743 3802 viderit
761 3726 968 3804 vinditiam:
1004 3721 1354 3822 quiapeocatoribus
1421 3706 1433 3735 ³

292 3842 508 3939 puniendis,
540 3843 727 3925 deduuum
745 3845 779 3921 se
797 3866 863 3942 per
879 3836 1043 3945 Angeloe'
1061 3845 1099 3918 in
1116 3857 1281 3917 aternam
1296 3862 1356 3916 re·

294 3962 416 4057 quiem
433 3965 581 4043 letatur.
592 3969 621 4012 “
670 3964 720 4040 Et
731 3965 826 4042 hanc
840 3967 981 4061 quidem
991 3966 1151 4059 requiem
1165 3958 1202 4038 in
1214 3967 1278 4036 Dei
1282 3962 1355 4051 sus·
1370 4020 1373 4025 ,

293 4088 435 4184 ceptione
452 4084 552 4166 fitam
573 4084 608 4165 se
627 4084 755 4166 sentire
767 4087 806 4165 iu
825 4085 879 4166 Pi
897 4109 956 4182 53.
973 4086 1006 4186 q.
1027 4107 1082 4165 ιο.
1100 4084 1147 4162 sic
1164 4079 1354 4182 fignificat:

783 4228 855 4310 og
1122 4200 1124 4207 ’
1167 4204 1323 4296 ,miino-
1371 4298 1375 4305 ⁴
