3317 4900
445 413 822 540 enumeraremus
865 447 931 506 ru
949 428 1216 506 Marenen.
1289 436 1379 526 433

293 591 377 676 reti
412 592 515 691 Qui
505 605 646 666 interna
661 592 934 687 cogitationum
955 588 1090 666 seoreta
1112 587 1357 688 cognoscens,

295 695 425 791 (Deus
442 694 534 765 enim
551 693 637 766 mini
647 713 723 766 non
733 712 875 784 eorum,
900 690 1249 782 queintrabomines
1262 690 1355 783 sunt,

294 791 474 870 absconsa
485 790 703 884 speculatur,
711 790 749 889 )
760 790 880 866 afferri
899 791 962 866 fibi
983 789 1174 866 denarium
1180 790 1293 882 iussit,
1320 791 1354 864 dr

293 893 475 984 quaefivit,
503 894 603 983 cujus
626 892 860 982 &inscriptio
875 889 982 983 effer,
1009 888 1185 965 &forma
1236 890 1355 964 Phari·
1399 899 1401 904 ’

289 990 638 1085 sei-responderunt:
665 989 985 1068 Caesariseameffe.
1038 991 1177 1088 Quibus
1188 990 1253 1062 eit:
1279 988 1354 1063 Cae·

292 1094 359 1168 sari
376 1092 593 1165 redhibenda
608 1089 698 1182 eise,
738 1111 815 1181 que
831 1088 974 1164 Cessatis
995 1087 1095 1162 sunt·
1133 1087 1216 1164 Deo
1233 1103 1352 1165 autem

290 1192 473 1315 reddenda
487 1190 575 1281 esse,
603 1211 680 1281 quae
697 1190 768 1262 Dei
792 1188 882 1268 sunt
1446 1186 1451 1195 “

344 1305 428 1367 2.
457 1292 496 1362 O
517 1293 657 1384 plenam
684 1291 842 1363 miraculi
866 1287 1152 1404 responsionem,
1186 1287 1350 1402 dt·perfe

293 1390 383 1467 &am
402 1388 641 1464 diuicoeiestis
655 1377 933 1462 absolutionem!
959 1388 1013 1461 lta
1027 1408 1148 1463 omnia
1161 1390 1253 1461 mter
1264 1410 1353 1462 con

260 1571 264 1593 ,
292 1505 444 1567 temtum
461 1488 586 1567 seculi,
619 1490 653 1562 δι
673 1481 925 1562 contumeliam
946 1488 1094 1560 laedendi
1109 1484 1251 1561 Caesaris
1266 1503 1353 1563 tem·

260 1647 263 1676 ,
293 1592 460 1686 permit,
485 1603 528 1661 ut
541 1590 633 1661 curis
651 1589 816 1662 omnibus
832 1585 1006 1660 &officiis
1021 1588 1181 1661 humanis
1197 1587 1351 1660 devotas

260 1689 266 1770 2.
291 1692 379 1766 Deo
395 1704 533 1763 mentes
543 1687 761 1780 absolveret,
787 1708 866 1760 cum
879 1684 1017 1777 cesari,
1043 1708 1120 1777 quae
1134 1688 1209 1778 ejus
1225 1685 1351 1779 edent,

260 1783 268 1895 ᾖ
290 1788 513 1864 redhibenda
528 1789 700 1862 decernit.
751 1786 989 1860 Sienimnihil
1003 1786 1079 1877 ejus
1093 1808 1203 1879 penes
1217 1807 1352 1860 noste·

260 1949 266 1982 ,
291 1889 444 1980 sederit,
480 1887 691 1960 conditione
710 1886 882 1960 reddendi
898 1887 952 1978 ei,
986 1906 1062 1976 quae
1078 1883 1134 1958 sua
1150 1885 1250 1979 sunt,
1274 1907 1352 1962 non

260 1985 267 2074 ζ
292 1990 508 2062 tenebimur.
564 1986 681 2058 Porro
705 2002 822 2061 autem
843 1985 868 2059 ss
887 1986 994 2058 rebus
1010 1986 1103 2057 illius
1121 1985 1351 2077 incubamus,

260 2085 265 2160 ἶ
291 2089 319 2165 st
334 2090 414 2180 jure
432 2083 617 2180 potestatis
635 2085 702 2159 suaa
719 2089 865 2177 utimur,
892 2084 926 2157 dt
944 2106 1012 2157 nos
1028 2099 1205 2173 tamquam
1218 2082 1354 2158 merce·

260 2191 264 2200 ’
291 2190 415 2264 uarios
431 2187 535 2260 alieni
547 2185 749 2280 patrimonii
759 2186 1006 2280 procurationi
1016 2182 1228 2278 subjicimus,
1253 2199 1354 2257 extra

294 2290 475 2377 querelam
488 2287 624 2378 injuriae
645 2284 708 2375 est,
736 2283 859 2356 Caesari
876 2285 1068 2376 redhiberi,
1087 2285 1193 2380 ,quod
1211 2282 1353 2368 Caesaris

291 2386 365 2475 est,
392 2386 476 2461 Deo
495 2401 628 2479 autem,
657 2405 733 2476 quae
749 2385 826 2477 eJ‘us
849 2383 1095 2479 suntpropria,
1121 2382 1272 2458 reddere
1285 2404 1353 2457 nos

292 2504 482 2581 oportere,
498 2506 646 2580 corpus,
661 2487 823 2567 animam,
842 2487 1079 2559 voluntatem.
1130 2483 1188 2558 Ab
1203 2505 1250 2556 eo
1259 2486 1353 2557 enim

291 2588 370 2663 haec
387 2584 549 2680 profetia
565 2600 672 2676 atque
686 2582 784 2659 nucia
797 2586 1009 2659 retinemus:
1043 2583 1247 2677 &proinde
1264 2604 1354 2655 con-

294 2687 439 2782 dignum
454 2685 518 2776 est,
544 2698 586 2757 ut
604 2688 637 2759 ei
657 2683 692 2758 se
710 2700 828 2761 toturn
844 2684 1008 2777 reddant,
1035 2684 1093 2756 cui
1105 2683 1238 2759 debere
1252 2681 1287 2757 se
1299 2702 1354 2759 re·

293 2785 468 2861 colunt&
483 2785 678 2878 originem,
706 2785 740 2856 dr
760 2783 972 2879 profestum.
1382 2787 1384 2791 ’

396 2889 497 2977 3.1n
507 2887 567 2954 illa
583 2887 631 2955 dit
645 2881 829 2977 accesserunt
843 2886 958 2955 adeum
969 2884 1142 2971 Sadducaei,
1166 2882 1353 2980 quidicunt,

289 3012 357 3061 mn
379 2982 434 3079 effe
453 2981 723 3074 resurretionem,
750 2984 948 3101 &reliqua
998 2982 1178 3055 Sadducei
1195 2978 1352 3056 extrafi

291 3087 374 3161 dem
390 3084 655 3164 resurrediionis
668 3084 759 3162 sunt.
816 3082 865 3157 Et
885 3087 965 3174 quia
982 3105 1057 3157 earn
1073 3082 1251 3156 Dominus
1265 3101 1353 3175 prae·

292 3186 447 3274 dicaret,
473 3185 682 3258 columniam
700 3186 829 3258 divinis
843 3186 950 3257 rebus
966 3206 1010 3256 ex
1027 3180 1202 3255 efficiendi
1221 3184 1352 3255 voiun-

292 3300 370 3358 tate
395 3301 629 3379 proponunt,
669 3286 803 3381 septem
828 3284 1000 3357 videlicet
1024 3283 1172 3355 fratrum
1194 3281 1353 3355 eamdem

291 3385 507 3480 conjugem,
534 3384 715 3475 cuiusnam
732 3403 859 3458 eorum
873 3385 911 3457 in
923 3381 1182 3456 resurrediione
1197 3380 1353 3453 futuram

292 3483 365 3569 effe
386 3481 611 3578 respondeat

392 3581 603 3673 4.Atque
593 3596 643 3655 sta
660 3581 804 3673 quidem
827 3580 970 3673 publica
987 3580 1114 3672 opinio
1130 3579 1281 3673 accipit,
1306 3576 1353 3651 de

290 3679 558 3757 resurrectionis
575 3682 844 3758 conditionibus
858 3681 947 3755 nihii
959 3678 1351 3773 Scripturispropheta·

293 3782 390 3857 tium
409 3782 599 3857 contineri.
650 3781 720 3855 Sed
737 3781 917 3856 Dominus
937 3781 1004 3854 ait:
1032 3781 1166 3853 Erratis
1182 3780 1353 3866 nescientes

292 3884 491 3976 Scripturas,
514 3889 781 3979 mquevirtutem
798 3887 873 3955 Dei.
916 3876 1021 3977 Ergo
1039 3879 1206 3973 scriptum
1224 3876 1292 3951 est:
1319 3877 1354 3951 dt

293 3980 426 4057 cessare
444 3981 553 4057 debet
569 3983 798 4078 ambiguitas,
823 4000 927 4072 quum
945 3978 1137 4055 eudoritas
1150 3991 1250 4053 tanta
1268 3998 1354 4051 con·

292 4081 451 4161 demeat
500 4080 605 4161 Hane
618 4082 711 4161 enirn
726 4080 885 4257 ealmdem
899 4079 1110 4163 calumniam
1128 4079 1259 4161 afferre
1278 4079 1381 4183 plu·

845 4201 865 4275 3
1248 4197 1306 4251 res

519 4402 535 4519 i
