3317 4900
333 457 404 548 148
467 414 472 431 ¹
594 443 706 536 nS.
756 445 1059 526 Hiram

335 631 448 705 rotro,
471 611 629 705 iuuari,
651 606 691 689 ii
706 607 828 707 oluff&
851 612 979 683 eduum
990 610 1090 682 nubes
1103 609 1143 682 ab
1154 624 1291 683 extremo
1299 623 1425 699 terra,-

321 713 469 812 'fulgura
486 716 524 781 r'u
541 713 686 808 pluuium
699 709 800 804 fecit,
823 716 882 808 qui
894 712 1040 808 producit
1056 729 1169 784 uentos
1188 715 1225 783 tio
1243 713 1407 800 thesauris

328 810 433 910 suis?
459 809 518 884 An
528 810 605 885 haec
618 807 973 905 tantumperseiiaein
986 810 1279 886 Deovoluntatia
1290 814 1408 886 omni*

336 909 592 1014 potentiani,
624 925 738 985 terras
758 911 925 985 exhalare
949 910 1081 1000 nubea,
1099 908 1307 997 eoruscare
1328 914 1408 1004 plu·

271 1073 275 1078 .
318 1014 408 1090 ‘vila
433 1011 699 1092 imminentibus
719 1008 878 1108 fulgura,
916 1011 1099 1084 alternatis
1120 1005 1297 1104 spiritibus
1319 1012 1407 1086 flare

274 1111 279 1134 '
339 1109 504 1188 ventosi
528 1109 600 1184 Sed
616 1124 768 1206 arguunt
783 1111 877 1185 hanc
889 1111 1101 1206 opinionem
1116 1109 1273 1186 nostram
1292 1113 1407 1186 virtu·

339 1227 419 1305 tes,
444 1209 692 1285 ver-borum&
711 1223 1042 1307 naturaegenerum.
1095 1212 1250 1300 siluam,
1275 1214 1407 1308 inquit,

339 1314 438 1386 nebu
453 1310 492 1384 ol
506 1326 760 1386 extremorum.
811 1308 910 1406 Quid
924 1309 1017 1385 enlm
1031 1307 1093 1383 fibi
1110 1313 1205 1405 vult,
1231 1313 1330 1404 quod
1342 1331 1408 1385 nu·

340 1415 406 1488 bea
421 1410 667 1502 deducuntur,
688 1409 735 1483 -ht
752 1407 957 1483 educuntur
972 1410 1011 1481 ol
1031 1428 1167 1482 exorem
1185 1417 1297 1484 terro?
1335 1410 1408 1484 Ex-

340 1513 463 1589 halant
479 1510 620 1603 quidem
637 1508 748 1583 vallea
763 1506 883 1581 uvidae
898 1510 1063 1582 nebulas:
1089 1503 1147 1584 sed
1163 1531 1280 1604 neque
1293 1512 1408 1585 valler

342 1627 504 1689 extrema
515 1623 618 1690 terra
629 1606 722 1701 sunt,
749 1609 1060 1701 nequequisquam
1072 1611 1237 1684 nebulam
1250 1609 1408 1704 idipsum

341 1709 559 1796 existimavit
574 1707 659 1800 esse,
687 1708 938 1800 quodnubem.
990 1708 1409 1806 Dehincfolgoroinplu·

341 1818 433 1883 uiam
445 1810 538 1902 fecit.
591 1810 683 1908 Quae
700 1808 759 1884 hic
779 1808 921 1882 humani
934 1805 1055 1887 ¹sensus
1079 1810 1315 1909 intelligentia
1328 1807 1407 1883 esti

227 1919 229 1924 '
342 1910 498 2006 Fulgura
513 1901 1196 2002 nonnumquamsrnepluviisvidemus,
1223 1909 1408 2000 &pluvias

340 2006 435 2103 sape
453 2005 524 2084 elle
542 2007 615 2082 fine
629 2004 782 2104 fulgere
829 2004 919 2079 Non
935 2008 1067 2102 pluvie
1086 2007 1226 2107 fulgura
1236 2007 1409 2101 efferunt,

343 2129 462 2201 neque
486 2106 622 2182 rursum
649 2107 788 2203 fulgura
808 2105 950 2198 pluvias
974 2105 1187 2184 defunduntss
1237 2107 1408 2203 Sequitur

241 2229 243 2233 “
346 2229 511 2303 quoque:
537 2210 608 2300 Qui
618 2209 763 2303 producit
781 2207 1192 2295 veniosieihefiourissuis.
1244 2210 1337 2306 Quae
1351 2210 1410 2283 hic

343 2310 489 2390 humani
506 2303 621 2406 sensus
637 2304 873 2401 intelligentia
888 2304 963 2379 est?
990 2308 1097 2382 Anne
1113 2308 1150 2381 in
1165 2327 1337 2382 concavo
1351 2309 1412 2381 ali-

344 2429 420 2502 quo
445 2409 480 2483 &
505 2405 732 2483 communito
756 2402 1002 2480 thesaurorum
1030 2409 1116 2481 loco
1145 2408 1316 2482 conditos
1339 2405 1409 2483 esse

344 2522 482 2583 ventor
503 2505 799 2598 existimabimus,
833 2507 1027 2596 exquibus
1048 2508 1150 2581 venti
1166 2507 1305 2581 soleant
1322 2523 1410 2583 tant·

345 2627 449 2700 quam
470 2602 710 2701 pretiostssima
730 2602 882 2679 thesauri
901 2610 1026 2698 portio
1046 2606 1226 2703 produci?
1253 2606 1303 2679 Et
1327 2627 1412 2682 cum

345 2706 465 2782 solent
494 2709 714 2780 mutationes
743 2718 938 2778 uentorum
965 2704 1172 2796 frequentes
1206 2707 1409 2781 &incerta

345 2804 450 2901 sepe,
477 2800 716 2879 &contrariae
732 2806 971 2893 commoveri,
998 2807 1352 2903 totiensnegotiosns
1366 2806 1413 2880 ad

288 2966 290 2971 .
345 2907 423 2981 hnc
442 2904 540 2980 Deus
564 2902 659 2996 ipsos
674 2903 782 2997 istos,
813 2918 857 2976 ut
874 2903 1123 2986 demutentur,
1149 2923 1191 2981 ut
1201 2907 1412 2999 dissideant,

346 3025 394 3081 ex
413 3000 555 3079 secreto
571 3005 774 3076 divitiarum
793 2998 930 3076 suarum
953 3005 1147 3095 producit?

451 3123 507 3195 13.
533 3101 603 3176 Sed
622 3105 698 3178 hec
719 3127 738 3175 a
758 3123 816 3176 me
836 3103 978 3176 volenti
997 3108 1168 3180 virtutem
1185 3101 1414 3180 &rationem

346 3200 522 3278 dihorutn
539 3198 746 3284 ostendere,
772 3205 822 3277 ita
840 3218 1121 3278 commemorata
1140 3205 1220 3294 fint,
1246 3204 1413 3276 utnihilh

346 3307 462 3380 minua
485 3301 669 3376 invisibilis
693 3302 1009 3395 &omnipotentis
1032 3306 1177 3378 virtutis
1194 3301 1262 3377 ulle
1282 3303 1416 3376 intelli·

346 3402 593 3499 guntmari,
618 3403 717 3494 quod
727 3401 778 3476 est
787 3405 831 3477 ab
847 3414 1012 3476 extremo
1025 3419 1143 3496 terrae,
1168 3404 1281 3476 nubes
1292 3402 1413 3496 educi,

347 3502 494 3575 &inter
517 3500 657 3594 pluvias
677 3501 817 3596 fulgura
835 3500 1045 3594 coruscare,
1080 3504 1265 3576 &ventos
1286 3523 1332 3575 ex
1349 3523 1413 3576 oc·

346 3603 451 3674 cultis
476 3598 658 3693 spirituum
679 3597 823 3678 suorum
845 3598 983 3674 sedibus
1005 3601 1103 3679 flare.
1162 3602 1302 3676 Verum
1330 3602 1414 3694 quia

346 3703 473 3774 nonin
490 3702 703 3791 hiaotantum
717 3702 982 3796 omnipotentia
998 3701 1068 3775 Dei
1089 3699 1153 3793 est,
1178 3722 1298 3794 neque
1311 3703 1348 3774 in
1359 3704 1415 3776 his

315 3842 329 3867 .
344 3796 482 3892 solum,
508 3824 574 3899 que
592 3803 719 3890 uoluit,
738 3802 879 3894 fecilior
897 3801 984 3886 cuso,
1011 3800 1050 3877 (i
1073 3808 1111 3872 in
1128 3819 1233 3888 terro,
1263 3812 1300 3871 iu
1316 3807 1412 3894 mari,

344 3902 382 3976 U
404 3904 442 3970 iu
461 3897 596 3993 olpfflsr
632 3900 720 3974 &in
742 3904 819 3994 his,
856 3918 933 3990 que
955 3903 1196 3993 corporaliter
1212 3898 1317 3999 'gesta
1341 3897 1414 3976 elle

342 4013 603 4082 memorantur,
628 3992 1235 4097 spiritaliafignificarimeminimus:
1262 4002 1414 4076 demon·

341 4097 520 4177 strandum
542 4097 595 4174 est
618 4119 735 4195 nunc,
771 4101 855 4191 quid
878 4094 942 4172 suh
956 4098 1011 4176 his
1031 4100 1130 4177 uiuis
1146 4121 1213 4197 per
1232 4104 1413 4178 virtutem

275 4198 543 4336 “prophetie
554 4198 756 4296 intelligere
771 4199 974 4323 debeamus.
1228 4220 1284 4292 14.
1312 4200 1357 4287 In
