3317 4900
272 538 419 603 ‚uxxvr
527 513 738 593 Suuunu.
765 511 921 596 Currit
947 497 1139 602 courtrr.
1170 608 1174 619 ,

384 674 462 755 'De
479 676 555 753 hoc
572 674 700 752 Christi
724 695 838 775 regno
864 683 932 755 tria
952 671 1144 776 presertim
1161 682 1367 779 querenda:

304 803 422 901 primo
438 798 626 891 quomodo
646 796 733 871 illud
742 793 898 874 Hilarius
913 791 932 873 ai
948 822 1064 897 regno
1075 802 1145 875 Dei
1164 793 1369 902 distinguet:

305 919 436 1018 deinde
451 919 510 1011 qui
526 916 813 992 Millenariorum
830 917 1054 1013 aliorumque
1065 921 1114 994 eis
1128 920 1281 999 affinium
1290 945 1368 1002 non

304 1042 429 1119 faveat
449 1037 583 1113 errori:
616 1034 820 1131 postremo,
855 1060 924 1132 qua
946 1040 983 1113 in
1005 1059 1045 1113 re
1070 1041 1160 1114 velit
1176 1062 1257 1118 cum
1274 1043 1367 1140 Dei,

233 1139 237 1150 .
306 1178 384 1238 tum
400 1157 529 1235 Christi
543 1177 652 1257 tegna
665 1147 730 1232 iita
744 1154 828 1250 eise,
851 1158 948 1232 unde
958 1152 1043 1233 'eum
1059 1175 1233 1256 arecepta
1246 1162 1369 1238 Eccie·

305 1281 361 1366 fia
380 1277 460 1355 fide
483 1276 760 1375 despectorum
783 1278 868 1351 hinc
894 1279 1119 1374 migrantium
1146 1282 1368 1358 beatitudine

209 1435 231 1446 ¹·
305 1423 384 1480 non
400 1401 553 1488 alienum
567 1395 637 1472 eise
652 1395 879 1472 conficietur.
956 1462 960 1472 ,
1069 1395 1083 1414 ·

402 1517 445 1619 a')
470 1517 675 1611 Utrumque
698 1537 845 1616 regnum
870 1513 999 1606 Christi
1017 1514 1051 1589 dc
1072 1514 1142 1590 Dei
1164 1517 1369 1597 discernere

308 1639 453 1719 videtur
468 1637 624 1713 Hilarius
639 1636 885 1732 temporibus,
922 1637 1035 1730 locis,
1069 1639 1298 1734 nominibus,
1325 1659 1368 1716 rc

303 1755 534 1840 beatitudinis
547 1756 669 1857 gradu.
716 1753 903 1832 EtChristi
912 1756 1052 1850 quidem
1062 1776 1262 1857 regnonon
1272 1762 1367 1836 aliud

305 1877 471 1957 attribuit
490 1890 655 1971 tempus,
689 1898 793 1971 quam
811 1877 910 1972 quod
927 1881 1270 1973 amortecujusque
1283 1875 1373 1973 iusti

303 2004 349 2078 ad
370 2001 462 2074 diem
478 1997 603 2091 judicii
617 1998 786 2073 excurrit.
837 1994 925 2071 Inde
941 2011 1058 2080 autem
1071 2000 1198 2094 incipit
1217 2019 1366 2097 regnum

303 2120 376 2198 Dei
399 2116 499 2213 justis
522 2117 736 2192 concedere.
799 2113 925 2209 ltaque
945 2123 1094 2214 regnum
1109 2117 1236 2194 Christi
1258 2119 1365 2196 estin

208 2258 220 2276 ²
303 2241 438 2316 animae
462 2237 637 2332 Justorum
662 2235 878 2330 corporibus
902 2236 1057 2330 solutas,
1095 2258 1256 2334 regnum·
1272 2253 1363 2316 vero

304 2360 378 2436 Dei
399 2362 436 2434 in
464 2358 611 2433 cosdem
631 2355 746 2451 justos
768 2352 1032 2431 resurrectionis
1054 2360 1177 2455 glorie
1194 2360 1364 2438 donator.

303 2483 386 2574 Hir,
412 2494 453 2552 ut
466 2501 510 2553 tn
516 2477 566 2554 Ps
582 2488 662 2567 148·
675 2474 708 2573 d
719 2498 752 2570 7
769 2477 959 2570 declarat,
965 2497 1078 2572 „non
1092 2500 1129 2553 rn
1141 2479 1215 2554 hoc
1229 2479 1365 2576 seculo,

280 2600 446 2694 sneque
437 2621 473 2674 nr
491 2620 587 2693 aere,
611 2597 696 2672 sed
685 2618 722 2670 m
738 2584 980 2690 superioribus
993 2598 1085 2674 locis
1099 2598 1198 2676 seder
1217 2604 1311 2677 beati
1323 2603 1364 2675 il·

302 2724 371 2797 lius
391 2740 488 2816 regui
478 2715 554 2791 est
572 2716 776 2803 constituta.
786 2716 815 2758 ‘⁴

248 2930 251 2940 ἢ
303 2864 305 2869 ·
401 2839 453 2911 At
476 2856 587 2934 regno
604 2834 752 2925 Christi,
787 2833 908 2910 forsan
922 2850 965 2910 ut
975 2835 1059 2914 solu
1074 2840 1255 2916 animabus
1276 2860 1364 2917 con·

303 2959 423 3050 stanti,
441 2957 578 3050 ¹quibus
595 2977 670 3030 non
687 2973 865 3053 congruet
881 2978 1078 3053 corporeus
1090 2959 1207 3054 locus,
1231 2983 1365 3058 corpo·

303 3100 403 3156 reum
420 3082 542 3153 iocum
558 3076 697 3150 nonita
715 3076 844 3149 diserte
858 3072 1032 3151 adscribit.
1083 3076 1159 3154 Niii
1170 3079 1268 3154 forte
1282 3104 1365 3156 ver·

303 3204 358 3277 bis
375 3195 474 3273 trad.
489 3180 527 3269 in
539 3194 596 3276 Ps.
621 3215 700 3267 120.
714 3198 747 3286 §.
768 3197 823 3269 16.
840 3194 965 3285 quibus
980 3192 1095 3270 Sardi
1107 3218 1221 3295 regno
1236 3198 1366 3274 Christi

301 3318 513 3420 gaudenter,
539 3314 731 3390 traduntur
751 3315 823 3407 „in
839 3313 915 3388 iinu
927 3299 1366 3392 inter'imAbrahaecoiio·

300 3441 393 3532 cati,
427 3457 500 3530 quo
524 3436 620 3511 adire
637 3433 768 3527 impios
793 3432 1016 3528 interjedtum
1040 3435 1364 3512 chaorinhibetr“

234 3632 236 3634 ,
298 3555 524 3654 ¹corporeum
538 3557 660 3628 locum
680 3553 949 3650 intelligendum
964 3553 1161 3632 sentiemus.

258 3770 261 3776 ι
393 3677 524 3772 Longe
540 3674 650 3768 magis
664 3673 796 3746 animas
812 3693 1007 3767 corporum
1019 3687 1184 3768 expertes
1200 3675 1230 3748 is
1242 3675 1360 3760 decet,

298 3797 336 3868 in
353 3814 426 3887 quo
444 3796 529 3867 aliar
545 3790 647 3866 situm
666 3790 736 3864 eise
751 3792 862 3864 docet
877 3791 1026 3866 Domini
1043 3812 1211 3892 regnum:
1238 3813 1279 3872 ut
1289 3816 1360 3892 part

297 3912 333 3988 dt
361 3913 573 3988 unanimitas
599 3907 808 3986 Studiorum
828 3910 870 3985 stt
894 3913 1020 4005 locor,
1058 3912 1095 3986 in
1116 3910 1189 4008 q'uo
1207 3919 1362 3991 feliciter

295 4016 531 4124 requiescant.
583 4030 739 4128 „Quia‚
763 4031 932 4121 inquitin
949 4014 1000 4107 Pi.
1018 4053 1096 4125 147.
1114 4041 1146 4128 §.
1160 4058 1192 4111 2.
1209 4035 1361 4113 Domini

280 4150 403 4222 dordr
415 4168 568 4248 regnum
581 4150 741 4246 inpare,
767 4148 1049 4228 &unanimitate
1064 4153 1360 4249 Sandorumest,

1251 4272 1322 4368 tu
