3317 4900
392 431 686 510 Taacraros
711 451 761 506 nc
786 409 969 508 CXLI-X.
994 427 1234 544 Pratuutr.
1280 404 1357 526 13ος

288 618 367 678 mua
381 595 542 678 anterior
554 594 731 666 novitatis
742 591 1057 684 admirationisque
1066 587 1247 685 credatur,
1274 611 1358 669 cum

289 703 317 776 fi
338 696 422 790 quid
442 692 530 767 illud
552 693 589 765 in
615 693 856 789 gratulatione
877 691 998 766 nostra
1016 689 1192 784 'sensuque
1210 692 1272 780 sit,
1304 693 1358 766 id·

290 795 404 894 ipsum
420 797 459 866 in
473 793 578 866 laude
595 807 770 885 oportere
779 791 850 867 effe
863 790 1102 886 prescriptum
1112 791 1164 866 fit.
1216 787 1358 868 Efferre

292 912 412 972 autern
431 891 465 965 se
486 890 770 984 ultracoelestem
786 892 901 967 sedent
923 913 1024 965 mens
1036 890 1157 965 nostra
1171 912 1246 964 non
1269 889 1358 965 suffi-

292 1000 363 1071 cit:
389 993 447 1066 sed
466 992 610 1066 laudare
628 991 744 1066 Deum
759 1013 813 1084 ea,
841 1013 919 1084 que
935 991 1036 1085 supra
1050 994 1161 1064 coelos
1178 990 1272 1081 sunt,
1299 993 1357 1064 ad·

291 1106 499 1171 monentur.
550 1090 700 1164 Rursum
716 1108 835 1166 autem
851 1091 886 1165 se
901 1095 1051 1165 tendere
1067 1094 1160 1164 ultra
1177 1089 1280 1182 abylil
1293 1092 1358 1166 iro·

292 1193 512 1280 menfitatenr
542 1191 786 1287 intelligentie
813 1190 942 1266 nostre
969 1192 1194 1284 opinionon
1218 1187 1356 1286 potest:

294 1313 422 1367 vetum
439 1312 503 1382 ea,
531 1310 608 1382 quae
627 1293 663 1364 in
682 1295 735 1364 his
753 1290 853 1384 scint,
881 1292 924 1364 ad
938 1292 1050 1364 laudis
1066 1287 1223 1364 officium
1245 1291 1359 1363 advo·

295 1389 432 1467 cantu'r.
482 1391 557 1484 Jarn
581 1411 673 1462 vero
690 1390 760 1484 ipsa
776 1393 835 1463 illa
855 1407 987 1464 natura.
999 1392 1089 1464 aeria
1111 1394 1146 1462 in
1163 1390 1357 1486 grandine,

294 1495 403 1584 nive,
436 1490 625 1581 crystallo,
660 1493 902 1583 procellaque
925 1489 1045 1582 spiritu
1067 1493 1264 1564 concinere
1280 1492 1358 1585 glo·

293 1596 381 1666 riam
402 1606 509 1664 tante
529 1590 641 1661 laudis
658 1592 841 1683 jubentur.
898 1588 993 1662 Turn
1011 1610 1125 1683 porro
1146 1592 1358 1663 universitas

292 1692 434 1790 generis
455 1690 598 1764 humani
614 1690 650 1761 in
667 1690 832 1785 regibus,
859 1689 895 1761 in
912 1690 1152 1782 principibus,
1178 1690 1215 1762 in
1228 1689 1359 1782 judici·

294 1796 387 1883 bus,
414 1792 452 1863 in
474 1789 571 1863 omni
590 1789 651 1860 vel
667 1791 781 1861 etatis
796 1788 909 1880 flore,
937 1789 997 1859 vel
1013 1787 1199 1862 senectutis
1215 1791 1359 1862 maturi·

295 1905 392 1979 tate,
431 1889 502 1961 Dei
527 1888 667 1964 laudent
694 1904 838 1962 cantare
857 1904 1036 1979 praecepta
1065 1887 1135 1975 esta
1173 1891 1255 1980 quia
1283 1890 1373 1961 haeo·

297 1984 1359 2080 omnlassuiimperturbatocursumoderatoqueconlrstant,

290 2088 483 2177 'fluantque
497 2086 662 2160 universa
678 2089 728 2161 ita
743 2102 879 2161 nature
902 2086 970 2160 suae
988 2089 1066 2182 lege
1082 2097 1283 2180 praecepta,
1315 2099 1359 2160 ut

297 2186 475 2261 decedere
496 2185 550 2258 hia
568 2205 614 2258 ex
630 2189 691 2278 ea',
727 2208 804 2280 quae
823 2201 944 2261 creata
959 2184 1061 2280 sunt,
1100 2181 1360 2282 constitutione
1423 2237 1426 2243 -

297 2308 375 2362 non
393 2285 512 2359 liceat.

343 2472 346 2478 ¹
400 2407 433 2462 2.
460 2382 550 2461 Cum
566 2402 654 2481 ergo
674 2384 785 2477 nulla,
813 2399 915 2460 extra
931 2383 1007 2460 haec
1025 2405 1145 2461 return
1159 2383 1361 2461 divinarum

298 2484 562 2578 celestiumque
579 2486 744 2576 decreta,
770 2484 937 2561 videatur
952 2486 1089 2569 homini
1110 2482 1273 2558 concessa
1291 2482 1362 2559 effe

297 2586 493 2682 cognitio,
520 2584 823 2679 ‘cognitionisque
849 2585 1037 2678 laudatio,
1079 2586 1279 2672 videamus,
1318 2583 1363 2659 ad
1430 2585 1433 2599 '

299 2685 399 2777 quod
424 2704 520 2755 nunc
541 2702 681 2757 novum
703 2687 882 2759 canticum
903 2687 1144 2775 advocemur,
1181 2704 1262 2757 cum
1275 2684 1375 2757 diciu-

298 2800 377 2859 tur:
407 2782 547 2858 Contere
560 2788 863 2856 Dominocantt‘crtm
874 2811 1004 2857 novum.
1053 2782 1364 2877 Etplanenovum

297 2885 490 2959 canticum.
546 2878 658 2973 Cujus
685 2885 827 2974 quidem
852 2886 943 2958 novi
966 2886 1095 2959 cantici
1121 2884 1364 2981 gratulatione

292 2986 366 3079 jam
384 2983 418 3056 ἃ
439 2983 476 3056 in
490 2981 731 3077 superioribus
750 2982 908 3072 Psalmis,
933 2987 969 3058 in
987 2980 1113 3076 quibus
1128 3004 1268 3057 novum
1283 3004 1364 3056 can·

294 3087 408 3179 ticum
424 3096 610 3173 cantatur,
634 3080 873 3175 ostendimus3
901 3105 982 3159 cum
997 3087 1034 3157 in
1050 3083 1217 3181 gentibus
1237 3080 1364 3156 Domi·

295 3203 365 3259 nur
391 3181 461 3257 elle
481 3197 693 3278 regnaturus
714 3178 935 3272 ostenditur3
965 3204 1046 3257 curn
1071 3181 1182 3275 ipsum
1203 3181 1245 3254 ad
1261 3180 1363 3277 regni

297 3283 449 3380 gloriam
459 3283 606 3354 dextera
617 3279 675 3353 sua
682 3278 846 3375 salvabit,
875 3304 955 3357 curn
970 3281 1146 3359 assumens
1157 3304 1203 3353 ex
1218 3276 1363 3377 inferno

300 3380 451 3454 animant
466 3379 560 3457 suam
574 3400 643 3452 nos
660 3378 778 3456 securn
794 3380 949 3457 assumsit
961 3385 1120 3481 inreges.
1171 3380 1364 3471 Proprium

299 3499 388 3574 ergo
409 3481 484 3553 hoc
504 3482 681 3573 cgnticutn
696 3502 837 3557 novurn
853 3482 903 3557 est
917 3482 1051 3557 Sanctis
1073 3483 1162 3575 eiua.
1212 3480 1253 3553 ld
1271 3480 1366 3554 eninr

299 3576 476 3670 sequitur:
516 3582 676 3652 Laudalio
694 3586 763 3679 ejus
782 3588 818 3653 in
835 3583 948 3671 ecclefia
965 3581 1163 3655 Sanidorurrr.
1219 3584 1366 3652 Laetetur

304 3679 407 3754 Israel
423 3683 461 3747 r'u
476 3705 531 3758 eo,
556 3685 611 3776 qui
621 3678 705 3772 fecit
723 3706 809 3771 eum,
836 3685 873 3759 Θ
887 3684 953 3773 filit
968 3680 1367 3778 Sionexultentsuptrre·

300 3805 366 3878 gem
377 3779 490 3867 suum:
528 3780 658 3851 laudem
678 3806 791 3853 nomen
810 3786 878 3880 ejus
898 3789 935 3851 in
955 3782 1064 3868 choro,
1097 3787 1134 3852 in
1158 3798 1305 3877 tympano
1327 3778 1368 3859 U

298 3877 649 3979 plalreriopsallantei.
700 3880 815 3973 idest,
841 3884 951 3974 ineo,
979 3882 1038 3973 qui
1053 3874 1369 3953 secundumnona·
1432 3904 1438 3913 ·

302 3977 1226 4077 gelimi&quintiPsalmicanticurnnouumregnabit
1237 3981 1273 4053 in
1284 4000 1370 4075 gen·

303 4081 424 4170 tibus,
456 4078 611 4171 &quem
626 4079 661 4151 in
677 4076 837 4171 sequenti
856 4083 1002 4175 cantico
1020 4101 1148 4175 novo,
1173 4079 1212 4152 in
1227 4076 1370 4155 mirabi-

303 4178 399 4255 libus
418 4176 517 4254 fauit
537 4175 797 4259 suiaDoninua
811 4180 963 4258 salvabit
977 4176 1216 4259 dextetam·
1233 4208 1239 4217 ·
1258 4178 1391 4263 Suu*

353 4280 392 4356 S.
408 4280 538 4358 &larii
554 4273 641 4357 Tm.
657 4280 725 4389 Ill.
967 4278 1012 4359 u
1269 4270 1373 4349 W
