3317 4900
307 441 379 522 186
640 432 678 512 8.
723 433 1030 513 Hruasrr

306 599 372 676 nisi
396 598 516 679 bello,
548 615 626 670 non
649 595 830 687 firtumm,
867 594 932 670 scit
946 599 1159 670 intentatam
1175 592 1286 672 iidem
1303 599 1381 676 lan·

306 719 436 798 guero,
463 697 528 771 scit
540 697 578 771 in
596 696 904 788 tribulationibus,
931 695 1121 769 secundum
1137 696 1374 792 Apostolum,

304 797 543 896 gloriandum.
603 794 679 869 Scit
703 799 873 890 imparem
899 796 935 869 se
961 797 1275 891 tribulationibus,
1307 800 1372 876 uisi

272 961 281 968 .
308 899 445 974 auxilio
471 896 563 988 Dei,
599 895 692 984 eile3
730 896 920 970 &idcirco
943 917 1008 992 per
1024 898 1142 969 Deum
1164 896 1285 972 salutis
1302 897 1368 972 iuae

306 1012 427 1072 certus
447 996 515 1070 est:
541 997 576 1069 dc
592 1017 672 1070 cum
690 998 726 1070 in
743 997 868 1072 mediis
883 997 1178 1070 tribulationibus
1197 1000 1371 1092 ambulet,

305 1119 373 1195 per
388 1097 550 1172 eumdem
568 1095 603 1169 se
618 1094 875 1171 vivificandum
887 1094 1131 1171 elleconfidit.
1182 1098 1372 1174 Aitenim:

307 1199 408 1294 Super
425 1205 507 1268 iram
519 1203 720 1268 inimicorum
732 1221 868 1269 meorum
876 1197 1042 1294 extendisti
1053 1221 1183 1266 monum
1192 1213 1307 1268 rueme
1334 1198 1372 1276 θ

302 1301 433 1393 salvum
442 1297 780 1390 mesecitdexieraluo.
817 1301 974 1369 Dominus
982 1297 1261 1390 retribuerprome.
1301 1297 1373 1372 Ira·

306 1400 487 1482 scentibus
515 1397 664 1471 inimicis
688 1394 830 1471 extensa
855 1419 924 1472 nos
948 1418 1072 1471 manus
1099 1396 1168 1468 Dei
1193 1402 1371 1494 protegit.

305 1497 578 1572 Tribulationes
600 1499 692 1570 enim
715 1499 847 1571 inimici
864 1496 1039 1588 afferunt,
1074 1494 1263 1568 irascentes
1284 1497 1373 1571 fidei

305 1599 341 1672 aa
366 1598 436 1691 spei
460 1596 606 1670 nostrae:
645 1598 725 1687 quia
753 1596 971 1670 adversarius
1000 1595 1140 1684 noster,
1176 1594 1373 1673 secundum

304 1694 545 1789 Apostolum,
569 1695 731 1769 diabolus
754 1711 932 1787 tamquam
955 1698 1015 1768 leo
1032 1697 1173 1791 rugiens
1188 1696 1374 1792 ambulat,

305 1817 466 1888 quaerens
482 1815 551 1868 uos
570 1795 760 1872 devorare.
811 1796 881 1869 Sed
901 1795 1004 1888 super
1019 1795 1106 1868 iram
1119 1796 1366 1890 inimicorum,

304 1917 371 1991 per
395 1916 486 1988 quos
510 1895 673 1968 diabolus
699 1897 834 1990 semper
851 1910 1042 1988 operatur,
1076 1916 1201 1969 manus
1215 1894 1368 1969 Domini

303 1996 526 2086 extenditur,
553 1994 780 2087 &sperantes
797 1996 833 2067 in
847 1994 882 2069 se
892 1995 1010 2069 salvos
1021 1996 1108 2067 facit
1123 1995 1271 2068 dextera
1279 1997 1371 2087 ejus.

261 2175 266 2182 ,
303 2097 432 2168 Virtus
450 2092 664 2191 significatur
682 2098 717 2167 in
736 2094 902 2184 dextera,
929 2096 963 2167 dc
982 2096 1067 2167 ideo
1086 2094 1281 2188 Dominus,
1309 2097 1371 2186 qui

302 2194 375 2270 Dei
391 2196 541 2285 Virtus,
569 2193 685 2266 &Dei
704 2194 884 2288 Sapientia
903 2194 971 2278 est,
1003 2214 1272 2286 nonnumquam
1295 2192 1369 2268 Dei

252 2345 254 2350 -
303 2296 452 2370 dextera
468 2295 758 2388 cognominatur,
784 2316 967 2388 perquem
984 2293 1370 2369 adversusomnesini·

301 2398 417 2473 micos
432 2397 467 2468 in
484 2393 645 2467 omnium
659 2396 929 2471 tribulationum
944 2397 1042 2468 bello
1062 2396 1300 2489 protegimur.

406 2499 460 2570 16.
487 2494 657 2568 Servavit
693 2509 810 2569 autern
844 2498 1060 2591 evangelicae
1087 2494 1369 2569 mansuetudinis

300 2594 484 2686 Propheta
511 2597 709 2685 rationem,
744 2618 812 2686 qua
832 2597 992 2689 injuriam
1013 2596 1164 2667 reddere
1186 2595 1266 2685 his,
1306 2596 1368 2688 qui

301 2716 371 2769 nos
388 2694 660 2787 persequuntur,
687 2694 900 2784 inhibemur,
927 2697 1066 2768 dicens:
1097 2699 1255 2764 Dominus
1268 2702 1368 2766 retri-

301 2795 373 2865 siuet
386 2815 445 2889 pro
461 2821 516 2865 me.
578 2793 632 2866 Illi
656 2798 750 2867 enim
775 2795 929 2868 vinditio
948 2795 1118 2867 servanda
1141 2793 1211 2875 est,
1249 2796 1366 2883 quiin

299 2895 476 2965 calumnia
501 2892 607 2965 vestis
631 2893 806 2966 dimitti&
825 2897 967 2987 pallium
983 2896 1097 2986 juilit,
1133 2895 1190 2983 qui
1209 2893 1293 2984 post
1312 2894 1366 2967 in·

296 2994 424 3086 jurium
450 2994 558 3084 alapae
577 2994 681 3065 unius
702 2996 853 3086 praeberi
878 2993 1105 3066 &maxillam
1124 2996 1268 3065 alteram
1296 3014 1366 3064 vo·

297 3092 379 3182 luit,
410 3094 468 3183 qui
486 3093 604 3165 vetuit
620 3095 747 3166 maluin
765 3114 833 3185 pro
851 3096 946 3166 malo
960 3092 1078 3179 reddi3
1106 3096 1184 3185 plus
1197 3091 1366 3166 vindidiae

296 3191 499 3285 adepturis,
527 3192 586 3283 q‘ui
605 3206 741 3265 aeterno
753 3194 864 3285 judici
884 3194 1058 3267 ultionem
1077 3191 1256 3286 praesentis
1272 3195 1365 3285 inju-

294 3293 357 3365 riae
379 3291 624 3383 reservassent.

400 3410 454 3484 17.
482 3389 678 3464 Concludit
698 3391 828 3466 deinde
845 3388 1044 3466 fidelissime
1058 3389 1129 3483 spei
1150 3411 1265 3463 voce:
1296 3395 1367 3464 Do·

294 3495 400 3570 mine',
425 3494 635 3580 misericordia
654 3510 713 3562 trra
729 3497 766 3561 in
778 3492 936 3579 seculum,
962 3515 1051 3586 opera
1067 3517 1215 3560 monrium
1228 3508 1364 3563 tuarum

292 3614 360 3662 mon
379 3594 527 3662 omittas:
551 3606 606 3683 ut,
633 3592 714 3682 quia
732 3591 801 3664 Dei
815 3590 1054 3665 misericordia
1072 3595 1108 3662 in
1123 3592 1279 3663 seculum
1296 3595 1362 3683 est,

290 3692 494 3775 ¹attendens
509 3689 612 3785 super
630 3690 716 3765 iram
732 3692 958 3766 inimicorum
977 3713 1116 3765 manum
1133 3690 1246 3776 suam,
1273 3693 1308 3763 o
1324 3691 1365 3765 fi-

292 3790 393 3865 deles
411 3790 494 3864 suos
509 3806 704 3886 protegens
721 3790 870 3863 dextera
888 3792 964 3882 sua,
991 3791 1024 3862 de
1045 3812 1113 3882 pro
1134 3792 1187 3863 his
1207 3795 1364 3864 retribu-

290 3910 377 3980 ens,
404 3910 516 3984 opera
538 3912 706 3964 manuum
726 3891 862 3962 suarum
884 3913 959 3963 non
978 3894 1144 3982 omittat,
1171 3891 1357 3964 hominem

289 3988 447 4080 scilicet,
474 3993 534 4081 qui
551 3992 618 4062 ait:
646 3990 776 4062 Manus
793 4005 864 4061 tuae
884 3992 1049 4063 fecerunt
1066 4014 1144 4080 me,
1172 3991 1356 4065 &cetera

286 4085 572 4182 Nonnumquam
594 4111 701 4164 manu
723 4090 795 4164 Dei
814 4089 905 4166 fasta
925 4092 1199 4167 commemorari
1220 4090 1361 4167 solent:

1190 4191 1309 4265 homo
