3317 4900
307 415 310 422 '
406 411 691 510 Taaer'er'ua
715 439 764 494 ru
790 415 995 514 cxxxn.
1019 417 1254 502 Proouun.
1308 437 1377 538 335

405 585 442 658 6.
468 580 628 656 Additur
652 580 757 656 etiam
781 581 815 655 dc
838 579 984 655 alterius
1009 579 1288 674 comparationis
1313 601 1377 654 ex·

310 683 488 776 equatio,
514 699 596 756 eum
611 679 759 756 dicitur:
785 686 877 754 Sicut
892 706 942 751 ros
965 685 1125 766 Hermon,
1149 677 1372 777 quidefceodit

307 789 344 854 in
356 799 494 853 montem
511 786 602 856 Sim.
651 780 729 854 Ros
747 783 793 855 ab
806 781 971 854 Hermon
986 782 1022 853 in
1038 781 1126 852 Sion
1140 801 1214 853 non
1228 777 1378 876 desceng·

305 883 382 971 dit;
407 882 524 955 multo
539 880 631 955 enim
649 901 667 954 a
685 879 719 954 se
737 882 931 955 intervallo
951 882 985 953 hi
1001 895 1144 953 montes
1162 878 1260 953 divisi
1277 879 1370 968 sunt,

302 980 440 1074 Neque
455 978 535 1055 sane
549 994 676 1053 natura
696 980 786 1074 fert,
824 995 946 1054 utros
963 1002 983 1052 a
1001 983 1089 1052 ioco
1106 981 1142 1052 ln
1163 980 1283 1054 locum
1307 980 1369 1052 dee

303 1079 462 1156 scendet
516 1077 604 1153 Sion
630 1095 752 1155 autem
768 1078 818 1155 est
832 1076 1023 1154 secundum
1043 1076 1240 1153 doetrinam
1262 1080 1392 1153 coele-¹²

304 1181 393 1254 stem
417 1175 597 1271 Recidit,
634 1181 695 1253 vei
717 1200 906 1271 quaenunc
927 1178 999 1272 est,
1037 1181 1097 1251 vel
1113 1180 1272 1269 quaeerit
1292 1177 1364 1251 san·

305 1278 464 1372 dorum,
500 1296 578 1371 quae
600 1300 664 1372 per
679 1278 970 1353 resurrectionem
985 1276 1291 1375 glorificatorum,
1330 1275 1369 1350 dt

302 1377 497 1454 raetantium
517 1374 741 1474 Angelorum
760 1394 856 1453 coetu
874 1378 1134 1470 frequentatur.
1197 1376 1368 1464 Hermon

301 1495 421 1553 autem
438 1497 544 1552 mons
560 1473 610 1551 est
627 1478 663 1550 in
680 1477 868 1568 Phoenice,
895 1479 994 1570 cujus
1011 1477 1265 1572 interpretatio
1283 1497 1367 1550 ano.

300 1579 420 1653 thema
435 1576 506 1653 eit:
542 1577 640 1673 quod
658 1578 751 1651 enim
769 1577 957 1651 nobiscum
978 1580 1164 1652 anathema
1178 1596 1362 1670 nuncupa·

300 1689 373 1770 tur,
398 1676 434 1750 id
449 1677 617 1752 hebraice
628 1680 768 1748 Hermon
779 1676 920 1750 dicitur.
971 1675 1099 1751 Fertur
1110 1691 1228 1752 autem
1239 1677 1288 1768 id,
1314 1673 1365 1758 de¹

299 1779 505 1869 quoetiam,
532 1774 667 1868 nescio,
696 1775 1016 1868 cujusliberextat,
1043 1778 1365 1874 quodangelicon·

299 1872 522 1969 cupiscentes
542 1873 630 1950 filias
651 1877 859 1968 hominum,
885 1896 966 1950 cum
992 1875 1036 1948 de
1058 1877 1151 1948 coelo
1170 1874 1366 1976 descendo.

297 1989 397 2064 rent,
423 1977 459 2047 in
474 1977 568 2047 hunc
584 1992 744 2052 montem
758 1978 909 2050 maxime
919 1972 1094 2048 excelsum
1107 1976 1361 2051 convenerint.

297 2074 368 2146 Sed
381 2074 457 2147 haec
472 2077 792 2168 pretermittentes.
851 2080 943 2173 Quo
960 2076 1054 2150 enim
1074 2075 1168 2147 libro
1183 2077 1359 2171 legienon

296 2174 554 2266 continentur,
588 2195 630 2247 ea
653 2196 719 2250 nec
738 2175 837 2250 noffe
854 2177 1042 2268 debemus:
1078 2188 1360 2247 commemorata

295 2289 414 2347 autem
430 2276 479 2348 ob
492 2274 526 2346 id
543 2291 681 2349 tantum
696 2276 786 2362 sunt,
812 2278 893 2367 quia
908 2297 977 2349 nos
992 2275 1037 2348 de
1054 2275 1126 2348 hoc
1146 2288 1272 2348 monte
1284 2272 1358 2346 'Dei

294 2394 361 2468 per
377 2373 591 2468 Prophetam
611 2375 781 2470 profeffio
802 2377 1072 2451 commovebat.
1126 2373 1234 2449 Certe
1250 2371 1360 2446 hodie

294 2490 421 2571 genter
441 2488 605 2551 montem
630 2478 726 2550 hunc
750 2475 901 2568 profana
919 2478 1099 2572 reiigione
1120 2489 1359 2551 venerantur:

296 2574 683 2667 &interpretationem
702 2576 857 2649 nominis
879 2575 949 2656 sui,
974 2577 1073 2668 quod
1089 2574 1140 2649 est
1154 2572 1357 2649 anathema,

295 2669 446 2773 ipsailla
460 2674 575 2769 impiae
590 2674 846 2767 superstitionis
864 2674 945 2750 sede
964 2674 1147 2749 testantur.
1181 2682 1194 2695 “
1310 2690 1348 2756 ’ἲ

396 2794 430 2863 7.
454 2773 533 2846 Ros
548 2795 639 2848 uero
655 2777 699 2848 de
716 2777 812 2847 coelis
831 2775 895 2866 est,
924 2770 1356 2853 &interbenedidiionum

292 2892 441 2947 munera
463 2875 582 2965 optari
599 2895 679 2949 eum
695 2876 940 2966 meminimus,
974 2896 1053 2950 cum
1071 2874 1165 2948 isaac
1179 2873 1222 2947 ad
1240 2870 1354 2965 Jacob

294 2973 360 3045 ait:
387 2969 435 3044 Et
446 2971 508 3045 det
525 2972 698 3048 tibiDeus
718 2995 837 3048 arore
853 2977 945 3066 eceli,
970 2975 1056 3049 &ab
1071 2977 1237 3049 ubertate
1249 2980 1361 3049 terrm

291 3072 566 3148 multitudinem.
633 3071 735 3170 Ergo·
754 3077 835 3166 quia
855 3096 1000 3149 munera
1025 3074 1059 3148 u
1083 3070 1355 3151 benedidionea

292 3168 377 3263 Dei,
403 3174 530 3264 quibus
546 3174 697 3267 primum
711 3175 844 3266 omnia,
871 3196 951 3247 cum
973 3192 1090 3247 creata
1106 3174 1139 3246 dt
1156 3171 1246 3245 facia
1261 3169 1356 3251 sunt,

290 3270 497 3363 benedixit,
536 3273 660 3365 postea
680 3283 771 3347 ve'ro
793 3296 839 3348 ex
860 3288 1014 3366 peceato
1040 3273 1129 3347 Adae
1153 3277 1188 3347 in
1207 3269 1355 3343 anatho.

288 3384 385 3444 mate
399 3370 659 3460 constiterunt3
685 3389 823 3469 gratum
840 3374 924 3446 Deo
939 3372 1003 3463 est,
1029 3395 1071 3447 ea
1086 3373 1220 3447 rursum
1233 3366 1355 3441 insana

290 3466 516 3551 difitationis
536 3472 654 3546 sedem
672 3472 810 3563 redire,
835 3488 943 3564 atque
966 3468 1188 3547 descendere.
1237 3468 1355 3541 Bene.

291 3564 405 3643 dion
427 3572 520 3646 enim
539 3573 652 3645 homo
673 3572 763 3648 fuit:
787 3571 847 3645 sed
870 3573 951 3669 post
966 3571 1252 3647 benedictionem
1266 3582 1353 3659 pec·

291 3667 410 3753 cavit,
435 3668 599 3744 &statim
618 3673 745 3767 impius
768 3670 849 3748 fuit.
899 3673 969 3747 Sed
991 3674 1050 3765 qui
1072 3670 1211 3746 mavult
1222 3682 1357 3758 pecca-³

288 3765 383 3837 coria
399 3767 655 3861 poenitentiam,
682 3792 784 3865 quam
799 3786 969 3864 mortem,
995 3774 1076 3846 vult
1089 3762 1353 3844 benediccionis

287 3864 358 3939 suae
382 3876 502 3941 rorem
527 3873 570 3944 ab
593 3871 758 3946 Hermon
778 3873 815 3946 in
833 3872 921 3947 Sion
947 3870 1179 3961 descendere,
1217 3863 1253 3941 id
1275 3864 1356 3957 est‚;

288 3986 334 4038 ex
357 3964 547 4059 impietatis
566 3965 646 4043 sede
673 3972 710 4045 in
732 3969 1018 4065 sanctificationis
1035 3972 1158 4043 iocum
1184 3966 1349 4049 transire,

286 4061 390 4140 Rure
408 4067 503 4143 enim
522 4071 641 4151 omnia
662 4069 869 4247 uirescpnt‚
891 4074 1058 4175 aluntur,
1085 4080 1273 4183 augentur:
1299 4065 1350 4139 ita

821 4190 848 4268 4
998 4252 1006 4273 .
1034 4204 1041 4215 “
1202 4184 1307 4265 im·
