3317 4900
310 455 383 528 124
643 429 1032 508 &Hunni

309 595 501 686 manebat,
529 593 680 684 aceepit„
729 589 792 665 Ne
808 591 916 688 igitur
932 606 1075 666 avertat
1092 615 1114 666 a
1129 592 1390 684 sacerdotibus

311 713 420 788 atque
435 690 557 766 senilia
572 689 700 764 Christi
715 688 865 783 ladem,
888 709 1013 789 rogat:
1040 708 1082 765 ut
1096 717 1163 770 eos
1174 699 1390 782 divinitatis

310 795 380 871 [υτ
401 795 538 890 gloria,
576 792 635 882 qui
648 807 800 884 propter
814 789 958 883 David,
991 791 1115 886 idest,
1147 817 1303 894 propter
1324 827 1384 880 aa·

310 895 413 972 sumti
429 896 472 966 ab
483 911 530 964 eo
539 890 705 983 corporis
714 888 967 965 sacramentum
978 895 1158 988 letantur,
1182 899 1380 983 illuminet.

414 1001 468 1072 18.
484 988 544 1062 'Et
564 1011 628 1062 cur
650 1003 801 1082 propter
814 988 937 1063 David
953 992 1093 1067 servum
1109 994 1235 1088 suum,
1265 1023 1316 1078 ne
1329 1005 1382 1080 fa.

309 1099 402 1171 ciem
418 1089 545 1166 Christi
561 1089 610 1164 sui
626 1103 782 1183 avertat,
808 1089 964 1163 ostendit
975 1093 1117 1166 dicens:
1146 1100 1302 1193 Juravia
1312 1107 1382 1178 Do·

309 1201 416 1270 uirum
434 1191 547 1264 Davil
565 1195 756 1276 veritam,
782 1188 822 1266 U
838 1213 906 1259 mn
913 1193 1133 1288 frustrabitur
1152 1223 1238 1272 eun.
1302 1203 1381 1278 Do.

309 1298 427 1374 minus
445 1293 563 1384 iurat,
588 1289 729 1381 &jurat
745 1290 951 1382 veritatem,
977 1291 1103 1364 &diui
1120 1292 1172 1369 sui
1183 1294 1299 1376 fidem
1314 1307 1379 1379 eti·

309 1419 365 1472 am
384 1394 619 1480 sacramento,
644 1411 691 1460 ne
708 1389 938 1485 ambigamus,
965 1389 1125 1468 affirmat„
1175 1395 1378 1477 Nonfrau·

309 1499 410 1572 dabit
434 1494 539 1587 igitur
559 1486 681 1561 David
702 1486 799 1561 suum
824 1491 978 1564 veritate
991 1493 1123 1582 jurata.
1169 1493 1220 1570 Et
1237 1504 1328 1592 quid
1345 1506 1378 1578 ei

304 1594 505 1694 juraverit,
532 1588 676 1684 dignum
696 1586 746 1660 est
763 1592 951 1665 contueri:
978 1595 1029 1663 De
1038 1589 1159 1684 fraiiu
1173 1607 1311 1670 uentris
1323 1610 1378 1674 tui

305 1717 422 1796 ponam
431 1693 527 1786 super
535 1689 634 1778 selem
649 1714 759 1759 meam.
812 1687 853 1764 Si
866 1690 1200 1784 custodierimfiliitui
1212 1699 1380 1796 taliamen-

309 1813 380 1869 mu
392 1815 514 1870 meum,
539 1788 577 1866 u
597 1790 770 1887 testimonia
784 1814 850 1859 maa
861 1790 945 1881 lac,
969 1793 1154 1887 quadacebo
1174 1820 1245 1887 σοις
1272 1802 1313 1879 σ
1323 1805 1371 1893 fi.

306 1897 349 1970 lii
364 1915 470 1966 eorum
487 1915 585 1987 usque
596 1896 632 1961 ln
644 1888 934 1979 seculumselelnnt
942 1891 1265 1987 superseminant
1292 1927 1372 1999 quu-

305 2003 399 2072 niam
411 1996 502 2088 elegii
525 1997 681 2063 Dominus
701 1990 800 2075 Sion,
822 1991 977 2085 praelegit
994 2017 1061 2062 ean
1077 2002 1116 2063 in
1136 1995 1373 2073 habitationem

302 2097 371 2194 fibi.
411 2099 485 2168 Ha
493 2098 611 2190 requies
619 2115 685 2161 mea
693 2095 730 2159 in
736 2088 840 2176 secula
841 2090 1035 2178 seculorum:
1060 2094 1284 2187 hichalitubu
1300 2129 1378 2198 qum.

303 2197 625 2291 uiampraeelegieam.
678 2190 775 2286 Quid
785 2189 859 2281 hic,
873 2191 972 2283 quod
983 2192 1155 2266 Davidfit
1164 2203 1371 2298 proprium,

304 2291 541 2373 continetur?
578 2290 677 2365 Urbs
696 2289 776 2379 illa,
811 2310 890 2382 quae
912 2294 1050 2387 generis
1069 2293 1146 2382 ejus
1161 2295 1232 2368 fuit
1247 2302 1371 2396 regia,

306 2411 414 2492 capta
440 2392 710 2486 aBabyloniis,
746 2390 780 2464 δι
808 2388 931 2466 eversa
951 2394 1049 2488 regni
1070 2392 1279 2489 dignitatem
1304 2400 1370 2476 sub

303 2496 563 2575 dominantium
575 2492 655 2583 jure
673 2511 749 2564 non
765 2493 897 2564 tenuit:
929 2492 1009 2587 post
1025 2494 1129 2567 etiam
1148 2516 1168 2566 a
1187 2495 1370 2576 Romania

303 2610 410 2690 capta
428 2596 463 2669 δι’
479 2590 640 2683 incensa,
663 2592 734 2682 jam
755 2592 853 2664 mulla
869 2590 931 2667 est.
982 2591 1031 2666 Et
1049 2595 1109 2665 ubi
1127 2592 1198 2668 Dei
1220 2601 1368 2690 requies

302 2700 340 2773 in
356 2711 526 2770 aeternum
547 2690 625 2766 esti
651 2694 711 2764 ubi
731 2714 774 2766 ex
789 2689 906 2765 fruuu
921 2696 1057 2767 ventris
1069 2694 1144 2786 ejus
1154 2695 1283 2770 insede
1295 2698 1366 2775 Dei

300 2818 403 2893 reges
421 2793 527 2869 sunt?
552 2792 723 2864 Serviunt
743 2793 838 2866 enim
860 2793 982 2885 hodie,
1009 2795 1146 2878 exules,
1172 2800 1288 2888 patria
1309 2821 1365 2873 ca·

299 2911 445 2986 tentes,
482 2907 567 2965 toto
584 2895 620 2963 in
639 2894 730 2965 orbe
745 2891 899 2983 dispersi.
963 2891 1011 2965 Et
1024 2896 1088 2969 ubi
1105 2896 1182 2983 illa,
1219 2901 1366 2991 quaeju.

300 3012 378 3069 rata
393 2994 456 3083 est,
483 2991 643 3065 veritas?
669 2994 730 3064 ubi
746 2993 847 3085 iliud,
873 2993 971 3082 quod
987 3014 1062 3067 non
1076 2992 1297 3071 frustrandus
1313 2997 1364 3077 est

299 3092 480 3170 veritate?
506 3090 556 3166 Et
571 3094 637 3165 ubi
657 3090 750 3165 filius
772 3092 891 3165 David
910 3095 1009 3189 regni
1026 3093 1263 3170 aeternisedea
1276 3098 1364 3173 sem·

298 3192 464 3292 piternal
492 3194 583 3292 Quae
598 3191 708 3267 eleila
723 3193 809 3265 Sion
826 3191 977 3279 dicitur,
1003 3194 1130 3266 horret
1145 3194 1272 3287 ruinis,
1300 3220 1364 3271 va.

298 3316 365 3369 cua
384 3295 512 3368 incolis
536 3292 605 3367 este
631 3293 868 3384 &quomodo
889 3293 959 3366 Dei
980 3294 1119 3384 requies
1136 3292 1187 3366 est
1206 3300 1245 3365 in
1258 3299 1362 3383 secula

290 3390 490 3487 seculorum?
524 3391 682 3466 Currunt
697 3409 884 3488 tempora,
916 3395 1038 3467 &huc
1058 3394 1143 3465 vita
1161 3393 1293 3469 nostrae
1309 3398 1361 3473 se·

296 3497 416 3570 culum
435 3506 573 3568 manet:
598 3492 698 3565 Deus
715 3514 802 3589 ergo
825 3494 896 3569 fine
914 3498 1038 3585 requie
1057 3492 1117 3569 est.

399 3614 455 3691 19.
480 3591 549 3666 Sed
568 3592 628 3686 qui
643 3593 720 3666 hac
728 3593 879 3666 infelicis
889 3595 1023 3677 erroris¹
1033 3595 1206 3686 opinione
1218 3595 1267 3669 fic
1282 3618 1360 3673 cre·

293 3694 405 3787 dunt,
432 3692 596 3785 audiant,
624 3695 680 3765 cui
699 3692 820 3766 David
835 3696 990 3785 juratum
1010 3694 1062 3768 iit.
1119 3693 1265 3788 Nempe
1282 3699 1356 3786 illi,

295 3794 341 3867 de
360 3815 433 3884 quo
448 3792 576 3869 dilium
593 3790 661 3865 est:
687 3790 790 3864 Posui
807 3795 1023 3885 adjutorium
1041 3813 1159 3869 meum
1176 3795 1278 3890 super
1287 3818 1357 3887 poa

289 3905 449 3981 tentem,
483 3893 517 3967 δι
540 3894 696 3967 exaltavi
713 3890 862 3967 eleiium
884 3894 929 3966 de
943 3896 1051 3985 plebe
1069 3917 1158 3971 mea.
1223 3895 1353 3969 Inveni

287 3992 411 4067 David
433 3992 555 4068 sevum
581 4012 718 4080 meum,
757 3992 843 4064 oleo
874 3991 992 4067 sanilo
1023 4016 1106 4069 meo
1130 3997 1233 4069 linivi
1256 4016 1354 4077 eum.

286 4090 419 4169 Manus
439 4095 535 4171 enim
553 4114 633 4193 maa
650 4092 876 4169 auxiliabitur
893 4094 948 4187 ei,
974 4093 1009 4170 &
1031 4088 1214 4171 brachium
1231 4118 1354 4209 meum

1212 4216 1302 4271 con·
