3317 4900
425 447 801 527 Conuenrnr‘ros
836 471 888 527 rrr
923 449 1187 526 Mnrnuurt.
1224 433 1228 444 ”
1263 471 1353 550 439·

270 612 380 688 e'titm
396 633 463 706 pro
474 611 509 685 se
522 612 645 688 decem
656 611 762 686 maesti
776 609 847 688 esse
862 609 1077 708 potuissent3
1101 609 1164 686 sub
1178 601 1334 688 duorum

270 715 367 789 enim
381 712 584 785 nominibus
596 729 762 808 negatum
773 713 848 788 hoc
864 715 1028 786 omnibus
1037 711 1245 802 uidebatur3
1271 705 1332 788 sed
1372 799 1375 804 ⁸
1408 713 1411 720 “

268 815 417 905 typicus
430 811 523 884 ordo
539 808 698 884 servatus
710 811 770 888 est.
806 809 990 906 'Apostoli
1003 811 1048 886 de
1063 809 1098 884 se
1113 811 1204 884 certi
1216 827 1330 885 erant:

267 913 356 984 ideo
374 907 485 985 solum
499 909 604 986 maesti
618 908 696 984 sunt
710 912 755 985 de
769 912 928 985 duobus:
962 909 1163 1004 quinetiam
1179 910 1333 984 hisdua'·

266 1012 338 1085 bus
358 1011 627 1104 vocationibus,
654 1031 730 1104 quae
747 1031 792 1085 ex
809 1015 890 1108 lege
903 1009 996 1103 sunt,
1023 1007 1243 1084 consortium
1255 1011 1332 1108 glo·

265 1111 331 1186 riae
346 1110 448 1201 huius
467 1113 652 1203 optabant.
702 1109 757 1183 lta
773 1112 867 1185 enim
889 1111 1066 1185 rationem
1087 1108 1122 1182 e
1141 1107 1268 1204 sutori,
1294 1108 1329 1183 dt

264 1208 448 1304 presentis
465 1207 579 1285 sermo
598 1209 823 1302 moderatur,
856 1225 898 1285 ut
918 1210 1060 1284 nonde
1080 1206 1250 1302 seneque
1270 1206 1330 1281 de·

266 1329 367 1390 cem,
404 1329 522 1400 neque
545 1310 618 1382 duo
644 1307 786 1383 solliciti
806 1309 1061 1401 scriberentur,
1096 1307 1330 1384 &indecem

263 1408 503 1482 sollicitudine
526 1409 570 1481 de
587 1407 750 1503 duobus,
780 1409 960 1504 praesentis
978 1409 1117 1508 negotii
1130 1405 1331 1484 efficientia

262 1510 590 1601 obtemperaretur.
759 1519 762 1534 ·
1145 1535 1150 1542 ·

372 1630 427 1684 ta.
452 1607 595 1679 Volens
617 1607 724 1702 igitur
745 1606 925 1682 Dominus
944 1606 1201 1702 proprietatem
1218 1605 1327 1680 nobit

262 1702 363 1782 istius
379 1702 671 1801 prefigurationis
692 1705 906 1800 ostendere,
934 1721 1041 1797 atque
1056 1707 1149 1780 hanc
1166 1705 1327 1800 praesum·

265 1807 414 1879 tionem
425 1825 511 1899 eos,
546 1807 605 1896 qui
621 1799 722 1880 et'ant
740 1828 784 1879 ex
805 1808 885 1902 lege
902 1808 1068 1904 venturi,
1094 1806 1138 1878 de
1153 1825 1328 1902 praeroge-

262 1906 345 1979 tiva
359 1905 542 1977 israelitici
562 1907 715 1980 nominis
735 1907 832 1979 velle
851 1904 1079 2000 praesumere,
1105 1906 1215 1979 docet
1234 1907 1329 1998 prin·

262 2004 424 2093 cipaturn
441 2005 490 2076 ab
500 2004 553 2076 his
572 2023 646 2077 non
667 2006 779 2080 modo
796 2006 955 2102 gentium
976 2003 1241 2097 capessendum,
1268 2002 1328 2078 se'd

262 2100 503 2178 ministros&
530 2101 755 2198 servientes,
797 2105 831 2177 dc
859 2126 963 2197 non,
1003 2105 1129 2194 quibus
1155 2101 1325 2178 ministra·

262 2216 344 2275 tum
362 2200 415 2294 stt,
442 2202 648 2299 adgloriarn
667 2205 817 2277 honoris
833 2206 975 2279 maximi
987 2199 1239 2277 advocandos:
1265 2225 1325 2276 ex·

262 2303 387 2394 emplo
410 2302 543 2377 scilicet
559 2304 836 2396 patriarcharum
855 2305 889 2378 ἀ
908 2306 1165 2398 prophetarum
1181 2303 1239 2394 qui
1258 2300 1324 2375 ser-

262 2401 416 2495 viennt,
443 2401 610 2496 eitemplo
632 2404 737 2479 etiarn
755 2399 1016 2495 Apostolorum
1034 2403 1092 2497 qui
1106 2399 1324 2478 ministrave-

259 2502 358 2593 rint,
396 2505 564 2597 exemplo
584 2504 689 2578 etiam
711 2504 859 2578 Domini
882 2507 941 2596 qni
962 2507 1111 2578 animam
1135 2501 1227 2577 suam
1254 2522 1323 2595 pro
1369 2576 1373 2583 .

257 2603 490 2677 redemtione
514 2602 642 2676 nostrae
661 2602 778 2678 salutis
804 2604 1029 2700 impenderit.
1094 2601 1153 2675 Ad
1172 2605 1322 2697 gloriam

259 2717 383 2777 autem
400 2704 607 2777 humilitatis
626 2702 743 2785 istius,
770 2725 880 2777 coenae
896 2726 961 2779 eos
978 2703 1012 2776 dr
1028 2703 1192 2777 convivii
1206 2703 1319 2777 modo

258 2798 421 2876 instruit:
447 2803 645 2876 monensin
657 2805 747 2877 locis
762 2804 1056 2879 eminentioribus
1070 2801 1232 2875 accubari
1244 2822 1321 2875 non

258 2919 452 2993 oportere,
476 2923 521 2975 ne
537 2902 634 2975 sorte
648 2923 694 2975 eo
706 2904 933 2984 adveniente,
960 2905 1018 2994 qui
1028 2898 1231 2992 clariorest,
1257 2915 1322 2993 per

260 3001 446 3075 dominum
462 3023 568 3074 coenae
587 3019 768 3094 occupato
783 3005 869 3075 loco
885 3024 964 3075 cum
981 3003 1123 3076 decenti
1134 3015 1321 3103 contume-

261 3102 310 3173 lia
327 3101 528 3174 admonitus
546 3103 706 3176 decedat.
768 3101 883 3175 Porro
901 3102 1058 3176 autemsr
1078 3103 1115 3174 in
1131 3090 1327 3173 humilibus¹
1352 3108 1358 3116 '

259 3203 493 3291 accubuerit,
528 3201 800 3274 advenientibus
816 3202 1087 3292 humilioribus,
1113 3199 1156 3272 ad
1170 3201 1321 3294 gloriam

259 3301 336 3373 loci
348 3300 670 3374 celnorisaccedet.
721 3300 843 3390 Atque
854 3304 902 3372 ita
927 3322 1020 3377 nou
1044 3317 1320 3375 eonsumitur

259 3399 394 3489 aliquid
414 3400 566 3474 honoris
589 3400 713 3492 decet,
744 3396 803 3473 sed
819 3402 1024 3475 humilitatis
1045 3400 1217 3494 operibus
1238 3418 1320 3491 pro·

260 3518 404 3576 meren.
881 3540 886 3551 ·

367 3619 422 3688 13·
453 3600 499 3669 Et
517 3596 745 3692 egredientibus
759 3599 824 3669 iiis
841 3598 877 3669 ab
893 3601 1044 3696 Jtritho,
1070 3595 1178 3686 secuta
1193 3590 1232 3690 etl
1249 3614 1320 3661 cum

259 3697 355 3770 turba
367 3701 485 3771 multa:
510 3699 549 3775 U
562 3722 623 3770 ecce
638 3703 695 3769 duo
708 3704 775 3769 ceti
783 3698 924 3786 sedentes
931 3698 1319 3796 supereminentiorem,

286 3799 344 3866 eod
365 3798 460 3892 Jesus
477 3805 612 3890 transit,
638 3799 705 3874 bre.
747 3799 914 3891 Superius
931 3794 1150 3892 perfiguranr
1166 3795 1318 3866 duorum

258 3823 418 3973 aliorum
437 3897 616 3988 Zebedaei,
643 3899 687 3971 de
703 3897 901 3971 israelitico
911 3899 1049 3992 populo
1062 3893 1246 3967 trastaturn
1258 3888 1321 3977 est,

224 3992 227 4001 '
261 3998 325 4090 qui
348 4019 392 4069 ex
417 3995 546 4070 semine
564 3997 644 4069 Sem
663 4011 739 4070 erat
757 4013 871 4070 ortus.
934 3996 1196 4087 Competentel
1213 3991 1320 4087 igitur

262 4098 350 4171 ceci
365 4098 438 4170 duo
453 4097 548 4170 viam
561 4090 1320 4269 mfidenttsspopulividelicetgentiumdo'o

777 4218 847 4283 e4
1069 4270 1077 4281 Ι
1233 4211 1289 4258 ux
