3317 4900
239 435 242 448 ’
357 465 521 558 108¹·
609 417 721 533 ¹S.
770 413 1080 534 Humanas
1133 429 1174 526 ¹.

356 617 535 720 quitatibus
545 639 662 689 mmm.
711 615 912 709 Bonusest,
937 579 1421 712 inquemspemturduspe·

237 749 239 754 ·
353 719 503 793 randum
526 720 563 792 in
579 739 626 791 eo
643 715 716 808 est,
756 718 838 810 quia
851 714 1051 791 misericors
1070 715 1141 808 est,
1175 718 1255 809 quia
1269 715 1419 810 copiosa

248 847 250 854 ·
355 820 448 913 apud
466 839 546 891 eum
562 818 738 891 redemtio
754 816 823 907 est,
850 818 931 908 quia
949 817 1102 890 redemit
1121 817 1164 889 ab
1177 816 1419 890 omnibusini·

355 919 550 1011 quitatibus
569 917 637 990 suis
651 916 853 990 universos.
904 916 1008 989 Hora
1026 915 1216 990 undecima
1232 914 1303 1009 est,
1331 936 1417 990 con·

354 1017 449 1091 clusa
459 1015 537 1091 sunt
547 1018 616 1090 diei
631 1033 812 1110 tempora:
837 1035 1016 1112 curramus
1030 1037 1171 1108 omnes,
1198 1013 1416 1109 festinemus,

352 1141 401 1194 ne
419 1140 495 1191 nox
510 1118 609 1207 adsit,
637 1139 683 1191 ne
699 1117 789 1189 hora
801 1130 1017 1208 praetereat.1
1053 1113 1163 1189 Senes
1183 1113 1313 1208 sumus,
1338 1137 1414 1190 nox

352 1219 482 1294 mortis
501 1216 643 1308 insistit,
665 1227 738 1289 ¹nec
755 1215 797 1287 ad
816 1215 1039 1288 undecimam
1056 1213 1175 1289 saltem
1189 1217 1273 1287 vitae
1287 1215 1415 1288 nostrae

351 1319 478 1394 horam
495 1317 735 1410 procedimus.
785 1314 917 1387 Beatus
934 1316 1097 1406 quidem,
1125 1316 1184 1405 qui
1205 1335 1343 1389 amane
1362 1335 1415 1387 us·

276 1457 279 1464 =
352 1437 423 1510 que
439 1417 481 1489 ad
502 1415 643 1490 nostem
664 1417 854 1507 laborans,
886 1412 1025 1508 padum
1041 1415 1222 1489 denarium
1235 1429 1415 1506 tamquam

353 1517 513 1591 debiturn
528 1515 701 1606 postulat:
727 1513 785 1587 sed
804 1514 886 1606 quia
899 1516 1017 1588 bonus
1036 1513 1087 1586 est
1103 1514 1307 1605 Dominus,
1335 1516 1415 1604 quia

351 1615 551 1692 misericors
572 1614 645 1709 est,
671 1613 851 1710 speremus
870 1614 906 1686 in
925 1635 1026 1701 eum3
1053 1628 1094 1686 ut
1109 1615 1308 1686 undecima
1328 1614 1415 1687 licet'

351 1717 452 1792 hore
471 1717 646 1807 operarii,
675 1715 791 1786 diurni
809 1714 943 1785 laboris
964 1715 1145 1787 denarium
1160 1711 1417 1804 consequamur

237 1850 241 1866 ·
325 1807 327 1822 '
351 1835 417 1909 per
435 1814 638 1888 Dominum
653 1811 811 1887 nostrum
834 1811 950 1909 Jesum
972 1811 1173 1907 Christum,
1200 1814 1260 1907 qui
1283 1810 1333 1885 est
1353 1814 1416 1887 be·

351 1913 511 1989 nedidus
529 1915 567 1986 in
584 1913 700 1988 secula
722 1911 934 1987 seculorum.
984 1912 1114 1987 Amen.

350 2122 550 2146 m
555 2117 1414 2143 -ssc-u--n--ss

587 2205 965 2327 essemus
1016 2249 1176 2327 cxxx,

682 2447 871 2526 Canticum
897 2453 1080 2551 graduum.

350 2606 546 2777 Domine,
571 2625 637 2672 non
655 2600 695 2699 est
711 2603 890 2674 exaltatum
911 2627 1095 2689 cormeum,
1129 2627 1228 2701 neque
1244 2605 1323 2676 elati
1332 2606 1412 2694 fiunt

454 2705 534 2773 aeusi
551 2708 622 2776 mei.
674 2706 787 2799 Neque
802 2704 966 2774 ambulavi
981 2711 1017 2773 in
1034 2709 1173 2795 maguis,
1199 2730 1297 2802 neque
1308 2711 1344 2776 in
1354 2714 1412 2777 mi·

351 2803 606 2897 rabilibussuper
623 2825 681 2878 me.
740 2807 780 2874 Sr'
798 2829 865 2874 non
886 2798 1055 2874 humiliter
1067 2805 1261 2893 sentiebam,
1292 2810 1346 2891 led
1361 2833 1413 2876 ex·

277 2916 279 2921 '
349 2903 603 2975 estonienimam
613 2927 720 2974 meam.
776 2903 1413 2998 Sicutablassotumsupermatremsuam,

341 3003 387 3101 fic
413 3001 565 3071 retribues
587 3008 624 3072 in
638 3008 776 3073 enimam
791 3025 901 3088 meam3
965 3008 1075 3101 Sperat
1090 3006 1188 3075 strues
1203 3012 1240 3076 in
1257 3010 1414 3101 Domum,

349 3103 458 3175 exhor
473 3126 581 3181 nunc,
607 3101 645 3179 (a
659 3127 754 3198 usqae
775 3103 968 3192 inscensum.
1248 3096 1251 3102 ’

573 3254 933 3338 TRACTATUS
964 3260 1187 3339 PSALMI.

352 3422 385 3478 1.
468 3402 566 3474 rcvis
583 3399 735 3476 Psalmus
753 3403 823 3496 est,
859 3402 893 3476 dt
914 3403 1138 3477 distinsiione
1151 3402 1279 3496 magis,
1305 3425 1410 3496 quarn

382 3504 384 3509 ’
494 3501 530 3575 T
532 3500 665 3574 radatu
682 3505 933 3593 explicandus:
960 3505 1002 3577 ad
1019 3505 1249 3577 humilitatem
1266 3525 1350 3595 nos,
1377 3505 1411 3576 dt

239 3644 259 3683 ,-
347 3602 651 3679 mansuetudinem
669 3601 816 3678 docens.
877 3599 926 3674 Et
947 3605 1028 3693 quia
1051 3601 1209 3696 plurimis
1226 3604 1301 3676 aliis
1317 3607 1409 3677 locis

347 3705 521 3776 nonnulla
540 3703 588 3783 de.
612 3702 810 3775 humilitate
828 3701 1077 3793 tranavimus,
1114 3700 1271 3776 otiosum
1288 3705 1338 3775 est
1355 3726 1413 3775 ea·

347 3802 428 3874 dem
446 3788 624 3896 repete‘re.
675 3800 784 3875 Certe
796 3799 988 3878 meminisse
1005 3802 1410 3901 debemusmaxrmuru

325 3922 476 3977 -rrnrr
494 3922 679 3975 uosrnn
699 3923 808 3977 oeus
830 3921 1297 3975 assanuruauunuam:
1323 3919 1408 3975 curn

344 4001 439 4077 hanc
454 4020 521 4093 pro
541 4002 668 4095 optimi
689 4005 808 4093 operis
824 4001 1041 4076 conscientia
1058 4001 1240 4095 Propheta
1251 4020 1409 4072 comme·

344 4115 487 4197 moret,
519 4100 661 4177 dicens:
697 4107 855 4192 Domine,
890 4126 957 4174 non
975 4104 1016 4203 est
1039 4105 1213 4176 exaltatum
1230 4123 1410 4271 tegmem.

1291 4215 1358 4293 ptr-

1452 349 1454 488 s
