3317 4900
687 379 696 424 i

402 456 796 565 censueramus
836 475 884 532 arr
919 457 1184 536 Marnrauss.
1243 483 1335 559 443

271 615 503 697 sacerdotalis
527 615 707 694 ministerii
734 619 824 691 vitia
845 619 926 712 jure
952 617 1138 712 potestatis
1167 621 1334 719 expellite

271 719 457 795 reddenda
475 720 569 793 enim
588 721 631 792 ab
654 719 819 791 omnibus
839 720 992 815 gratuita
1014 717 1228 820 tradiderat,
1255 745 1333 814 qua

269 820 427 917 gratuita
441 818 585 895 fuerant
603 814 805 891 consecuti:
831 817 1040 912 quianeque
1049 818 1116 891 emi
1128 820 1256 911 aliquid
1268 845 1334 918 per

269 919 514 1012 corruptelam
536 916 728 992 sacerdotis
749 930 811 990 aut
834 918 965 1012 vendi,
1001 917 1145 991 libertas
1166 920 1253 995 doni
1275 925 1334 998 de-

269 1022 382 1094 bebat
404 1019 602 1094 admittere.
659 1016 857 1091 cathedras
877 1033 1016 1108 autem,
1049 1019 1228 1114 precipue
1245 1044 1333 1099 ven·

270 1120 433 1193 dentium
449 1119 654 1209 columbas,
681 1118 826 1190 evertit
873 1119 965 1215 Quae
979 1135 1093 1210 porro
1112 1118 1261 1214 dignitas
1283 1125 1334 1202 est
1416 1127 1425 1142 “

269 1220 311 1292 in
336 1219 501 1291 nundinis
524 1214 799 1291 columbarum?
837 1229 899 1289 aut
922 1218 1020 1308 quod
1044 1217 1270 1315 privilegium
1293 1228 1332 1303 in

270 1319 392 1392 avium
409 1316 549 1392 istarum
567 1318 790 1390 commerciis
803 1314 1022 1390 reservatum
1034 1315 1098 1408 est,
1124 1324 1334 1400 utvenden·

272 1434 330 1491 tes
354 1438 412 1490 eas
430 1418 609 1491 honorem
630 1416 691 1489 srbi
717 1427 887 1511 arrogent
903 1418 1161 1493 cathedrarum.
1212 1421 1281 1497 Sed
1296 1427 1333 1502 in

273 1519 375 1592 omni
394 1519 481 1590 ioco
504 1516 760 1596 admonemus,
790 1517 895 1587 altius
913 1521 1107 1592 verborum
1127 1519 1282 1597 virtutes
1297 1526 1334 1601 in

268 1615 469 1690 istiusmodi
487 1609 1046 1711 significationibuscontuendas.
1096 1617 1336 1720 incolumba,

270 1714 466 1790 secundum
482 1714 681 1810 prophetiae
696 1715 878 1805 exempla,
916 1714 1080 1794 Sentium
1093 1716 1262 1809 Spiritum
1281 1724 1333 1798 in·

271 1816 485 1912 telligimus:
517 1816 554 1887 in
573 1815 762 1906 cathedra,
794 1812 984 1886 sacerdotii
1004 1816 1102 1892 sedes
1119 1816 1180 1895 est.
1232 1820 1331 1922 Ergo

271 1936 427 2007 eorum,
467 1914 526 2005 qui
552 1911 666 1987 Santii
691 1912 841 2007 Spiritus
863 1913 998 1989 donum
1024 1915 1153 1991 venale
1175 1918 1331 2010 habent,

273 2015 460 2088 cathedras
482 2016 636 2107 evertit,
669 2014 796 2103 quibus
823 2013 1052 2091 ministerium
1078 2038 1099 2090 a
1123 2014 1208 2090 Deo
1232 2041 1332 2098 conr·

272 2112 410 2189 missum
427 2115 629 2210 negotiatio
651 2111 722 2200 est;
749 2113 1004 2189 admonitionis
1024 2118 1100 2209 ejus
1115 2135 1333 2198 commemo·

272 2234 356 2288 rans
374 2213 635 2305 authoritatem,
661 2234 738 2303 quae
755 2215 792 2286 in
812 2211 992 2305 Propheta
1007 2225 1185 2291 teneatur.
1235 2218 1332 2298 Nam

273 2312 529 2405 scriptumest:
558 2318 678 2384 Domus
697 2338 762 2383 mea
783 2314 886 2381 domus
899 2316 1249 2405 erationisoocobitrrr3
1273 2347 1333 2394 oar

252 2431 379 2488 ‘autem
387 2413 504 2510 fecistis
515 2415 599 2484 idam
606 2410 962 2507 speiamamsatrorrum.
1013 2413 1206 2506 Sedneque
1215 2439 1334 2499 emero

272 2515 419 2611 Judaeos
443 2515 478 2586 in
500 2512 711 2610 Synagoga,
747 2515 867 2603 ireque
888 2514 1046 2588 vendere
1061 2516 1229 2610 Spiritum
1250 2520 1334 2596 San-

273 2615 366 2689 uum
383 2612 484 2708 posse
498 2612 762 2687 existimandum
778 2610 838 2687 est.
890 2613 979 2688 Non
992 2617 1276 2692 ‚enimhabebant
1287 2626 1332 2699 ist

274 2714 403 2787 venire
420 2711 575 2806 possent,
601 2733 718 2802 neque
733 2725 822 2803 erat,
850 2714 948 2800 quod
964 2736 1082 2788 emere
1101 2716 1178 2808 quis
1197 2718 1331 2811 posset:

273 2812 335 2888 sed
360 2812 599 2908 praesrguratio
623 2812 826 2884 futurorum
848 2811 947 2887 distis
965 2815 1195 2906 presentibus
1215 2826 1332 2895 conti·

273 2926 399 2989 netur:
426 2909 590 2984 Ecclesrae
609 2912 696 2983 vitia
711 2912 749 2984 in
766 2909 843 3006 ipso
860 2913 1019 2989 adventu
1033 2917 1221 2993 dominice
1234 2923 1334 2994 ciari-¹

273 3012 359 3085 tatis
375 3011 443 3085 eise
459 3012 649 3107 purganda.

373 3133 407 3199 5.
433 3108 662 3184 Infirmitates
692 3128 838 3202 quoque
863 3130 1038 3187 cecorum
1064 3115 1331 3196 &claudorum

276 3215 417 3284 curavit
431 3211 468 3283 in
484 3214 641 3302 templo:
668 3209 874 3301 &publicas
893 3211 967 3300 ejus
982 3217 1211 3315 operationes
1225 3216 1336 3295 sanor¹

274 3311 401 3408 popuii
418 3307 702 3382 consecutusest.
754 3309 1049 3387 invidentautem
1059 3336 1252 3407 puerorum
1265 3319 1333 3392 cla·

233 3402 244 3413 ’
272 3412 436 3486 moribus
462 3412 641 3504 principes
667 3406 911 3501 sacerdotum,
948 3431 1100 3503 eumque
1115 3417 1332 3513 admonent,

273 3530 339 3584 cur
355 3509 418 3583 ista
438 3510 576 3594 audiat3
603 3511 640 3581 in
663 3508 920 3582 redemtionem
941 3511 1035 3584 enim
1053 3512 1186 3587 venisse
1206 3518 1337 3591 domus

275 3609 401 3685 David
420 3610 684 3702 predicabatur.
735 3607 876 3782 {tibus
895 3607 1097 3703 respondit,
1122 3634 1197 3686 non
1213 3614 1334 3710 legisse

280 3728 365 3783 eos:
402 3708 456 3779 Ex
474 3733 525 3780 are
545 3707 728 3799 infantium
814 3705 1003 3781 truentum
1022 3712 1179 3808 perfudit·
1197 3714 1334 3790 laudern:

281 3805 493 3881 cessantibus
510 3810 600 3881 enim
620 3806 838 3900 prudentum¹
852 3808 1008 3903 judiciis,
1034 3811 1125 3884 hanc
1140 3812 1201 3886 irbi
1220 3836 1336 3909 apue·

278 3911 329 3981 ris
356 3920 461 3994 atque
485 3907 701 3998 infantibus,
739 3926 891 3996 quorum
912 3907 954 3979 srt
973 3929 1121 4005 regnunt
1143 3915 1337 4001 coelorum,

279 4005 507 4083 confeffionis
532 4009 678 4102 gloriam
698 4019 950 4098 preparatams
987 4010 1068 4099 quia
1085 4013 1278 4101 prudentes
1301 4016 1337 4090 dr

281 4105 464 4206 principes
478 4104 584 4182 seculi
603 4105 805 4202 sapientiam
822 4103 893 4177 Dei
908 4108 1209 4206 reprobaverint,
1237 4113 1337 4191 Chri·

1200 4214 1306 4283 uum
