3317 4900
295 413 499 538 '1⁴4'
673 431 1056 530 &birunnun
1158 453 1163 466 ’

340 603 476 682 dandus
491 599 556 685 est,
581 600 928 699 quiabenignutesia
953 600 1406 703 psallendumnominieJut

341 703 407 798 est,
433 704 514 793 quia
528 697 637 776 suave
647 701 709 776 est.
764 705 1031 791 Psasiienamini
1044 709 1125 800 ejus,
1149 711 1407 802 quoniumsunve

260 831 263 840 ·
339 806 392 906 ιβ.
445 803 570 886 Psailite
588 802 651 878 ubi
670 801 820 894 dicitur,
855 802 898 875 ad
915 806 1082 895 corporia
1100 824 1213 898 opera
1227 807 1409 888 referturt.

298 927 302 940 ·
338 901 589 998 utperorgani
599 900 726 992 nostri,
752 898 859 990 idest,
876 904 1263 995 corporismultimoda
1276 927 1405 1004 opera,

340 1002 545 1090 consonant
567 1001 652 1076 Deo
669 998 734 1074 fiat
758 1000 793 1076 bt
816 1014 899 1094 apta
913 1003 1085 1076 laudatio.
1148 1001 1298 1078 Psaliere
1314 1030 1401 1106 ergo

340 1101 573 1194 nominiejua
586 1101 773 1194 jubemur,
798 1106 877 1198 quia
886 1103 986 1191 suane
1005 1105 1054 1198 eJi.
1106 1099 1226 1177 Soave
1245 1109 1339 1180 enirn
1352 1108 1403 1184 est
1430 1124 1434 1136 ·

341 1203 451 1296 Deo,
478 1219 636 1294 corpora
650 1199 773 1274 nostra
788 1202 1008 1292 complacito
1023 1201 1217 1276 ministerio
1233 1209 1402 1298 probabi·

286 1339 289 1350 ·
339 1303 440 1394 lique
459 1299 638 1474 laginiam:
662 1297 725 1372 vel
742 1297 854 1393 ipsum
871 1302 959 1375 iilud
970 1305 1236 1396 potiusnomen
1249 1305 1401 1383 Domini

338 1401 527 1478 suavee.
584 1425 592 1432 ··

441 1520 476 1591 5.
501 1495 552 1572 Et
573 1496 657 1590 quid
684 1494 868 1574 suavitatis
885 1500 922 1574 in
944 1497 979 1574 se
998 1499 1150 1596 habeat,
1186 1507 1248 1577 vei
1266 1525 1403 1582 nomen

339 1603 433 1696 ejon
458 1599 521 1675 vel
534 1598 569 1674 ei
578 1595 739 1692 psallere,
767 1600 944 1674 continuo
957 1598 1121 1695 subjecit,
1147 1602 1287 1678 dicens:
1315 1610 1402 1700 Quo·

337 1697 1402 1894 stultitiis}lillll'inlitltiisszltll

269 1957 279 1970 .
364 1900 481 1972 eneris
504 1897 687 1971 Abraham
708 1897 779 1985 esta
818 1898 933 1971 adhuc
952 1900 1044 1973 enim
1065 1903 1219 1993 primum
1242 1903 1310 1976 Dei
1330 1905 1402 1977 fuit

355 2019 475 2075 ermo:
501 1997 756 2088 &corpotiur
772 1997 908 2091 Jacob,
934 2020 1038 2089 quam
1051 1999 1248 2095 Abraham,
1273 2003 1401 2078 Domi·

338 2119 407 2176 nus
424 2097 557 2193 elegiti
583 2095 727 2170 Dehinc
742 2116 823 2171 cum
842 2098 937 2172 idern
953 2097 1145 2176 secundum
1160 2106 1400 2194 nuncupatio·

337 2202 395 2274 nia
413 2199 669 2272 allocutionem
687 2194 728 2269 sit
742 2195 871 2290 lsrael,
899 2198 958 2289 qui
976 2198 1010 2270 δι
1028 2198 1164 2293 Jacob,
1191 2221 1254 2275 cur
1270 2205 1399 2278 iterum

335 2298 498 2374 additur:
525 2297 625 2369 lsrael
641 2292 984 2395 inpoffiffiononfiiis
1008 2295 1114 2373 Ordo
1124 2302 1292 2397 exigebat
1304 2307 1399 2395 prin·

338 2400 455 2494 cipem
470 2393 656 2473 electionis
674 2395 872 2490 Abraham,
897 2418 1083 2493 moneam,
1109 2401 1167 2492 qui
1182 2402 1253 2493 jam
1269 2405 1399 2477 tertiut

336 2501 375 2577 in
391 2497 568 2572 erectione
588 2494 640 2572 est
656 2498 771 2592 Jacob
790 2502 1075 2574 commemorari.
1125 2500 1236 2574 Retio
1252 2523 1399 2594 quoque

337 2598 576 2689 admonebat,
611 2609 652 2669 ut
675 2593 887 2692 fignificatus
907 2597 1016 2671 lsrael
1033 2599 1068 2671 in
1089 2600 1205 2694 Jacob
1225 2603 1400 2698 intellige·

335 2715 448 2774 retur.
508 2698 607 2796 Quin
626 2696 731 2769 etiam
749 2697 835 2769 iliud
856 2698 1017 2790 accedit,
1050 2699 1169 2791 quod,
1197 2702 1261 2795 qui
1281 2702 1398 2795 Jacob

335 2798 413 2891 est,
439 2798 603 2893 eligitur,
630 2796 690 2887 qui
707 2797 835 2885 lsrael,
862 2796 1064 2888 poffldetur.

436 2901 470 2971 6.
497 2896 566 2969 Sed
580 2895 652 2988 jam
669 2898 706 2968 in
726 2896 879 2968 exordio
900 2896 1069 2970 sermonis
1089 2899 1309 2984 monuimus,
1337 2899 1401 2973 illa

335 3019 382 3072 ex
403 2999 511 3071 rebus
530 2995 770 3086 corporaliter
788 2994 892 3090 gestis
916 3013 1196 3070 commemorata
1207 3000 1242 3070 in
1258 2995 1399 3072 Psalmo

332 3095 430 3188 eise,
460 3095 640 3187 inquibus
657 3093 767 3165 futuri
784 3094 916 3184 species
932 3110 1108 3186 tamquam
1122 3099 1158 3170 in
1180 3095 1325 3189 speculo
1342 3119 1401 3170 re·

332 3196 493 3274 luceret:
525 3214 567 3268 ea
581 3214 726 3286 quoque
742 3194 846 3289 gestis
867 3196 974 3267 rebus
994 3211 1161 3287 coaptata
1175 3203 1287 3271 verba
1303 3194 1396 3289 elle,

335 3318 437 3389 quae,
471 3315 552 3369 cum
569 3315 631 3381 ea,
667 3314 744 3383 quae
765 3293 858 3387 gesta
875 3291 974 3386 sunt,
1002 3299 1248 3385 enuntiarent,
1274 3309 1398 3371 tamen

332 3390 606 3492 intelligentiam
625 3394 731 3466 nobis
747 3392 1003 3467 absolutiorem
1023 3416 1172 3483 eorum,
1202 3415 1279 3484 quae
1299 3393 1400 3487 spiri·

333 3497 455 3571 taliter
466 3497 504 3569 in
518 3491 623 3591 gestis
638 3495 746 3566 rebus
756 3490 1085 3588 malignabantur,
1112 3492 1295 3569 afferrent.
1323 3495 1400 3571 Dei

331 3605 469 3670 nomen
492 3591 600 3669 suave
618 3590 690 3682 est,
724 3612 799 3664 non
824 3595 883 3665 uni
903 3608 1041 3667 tanturn
1060 3594 1177 3688 genti,
1212 3609 1319 3684 atque
1333 3594 1399 3687 ipsa

331 3693 554 3792 irreligiose,
581 3692 639 3766 sed
655 3692 820 3765 omnibus
833 3694 904 3783 jam
921 3696 1105 3789 gentibus,
1133 3707 1239 3782 atque
1253 3694 1397 3787 linguis.

331 3792 447 3889 Jacob
466 3797 559 3869 enirn
574 3792 636 3867 sibi
650 3792 779 3886 elegit,
806 3793 977 3883 majorem
994 3807 1080 3863 natu
1095 3791 1394 3885 supplantantem,

332 3909 511 3968 ementem
532 3893 702 3985 primitias
720 3892 804 3963 cibo
822 3892 855 3963 bt
873 3891 1121 3983 desperatione
1142 3894 1299 3980 uenalis,
1332 3893 1396 3962 ab·

328 3995 518 4086 ripientem
541 3989 850 4081 benedisiion‘em,
883 3992 1164 4081 impoenitentem
1187 3991 1266 4085 post
1286 3990 1399 4061 servi·

329 4104 466 4177 tutem,
497 4088 724 4185 deindepost
741 4088 872 4167 lutiam
885 4090 1011 4185 Deum
1030 4093 1212 4169 videntem
1233 4090 1415 4169 &lsrael
