3317 4900
226 497 228 505 ,
342 464 390 538 ῃ
559 499 564 513 .
678 440 714 522 s
765 442 1068 530 Hrnaarr
1165 491 1179 530 1
1301 529 1304 538 .

343 609 623 690 retributionem
638 608 682 682 ab
693 608 886 681 immortali
904 608 984 699 ejus
996 620 1121 680 natura
1135 606 1296 684 humanu
1310 608 1411 685 infir-¹

344 714 479 792 mitatis
501 708 660 801 suscepta
679 708 867 800 nativitas:
899 722 940 780 ut
955 709 1035 798 quia
1049 707 1183 782 rmum
1200 713 1339 785 ventris
1357 714 1411 787 fa.

331 812 422 896 ,slus
438 808 511 904 ipse
530 807 601 897 est,
627 827 763 883 merces
779 827 924 897 quoque
943 807 1197 907 ejusgentiun
1214 805 1279 883 fiat
1299 811 1411 887 haere-

346 914 459 1005 ditas,
486 910 520 982 &
540 908 724 981 hereditas
745 906 816 999 ipsa
834 907 901 980 lint
919 901 992 980 filii.

454 1020 508 1091 18.
537 1009 678 1081 Dehinc
698 1006 872 1097 sequitur:
898 1010 991 1078 Sicut
1005 1005 1128 1098 sagina
1142 1011 1409 1104 inmanugorm·

346 1118 414 1199 ris,
446 1116 495 1181 ira
506 1110 573 1200 filli
588 1103 788 1198 excuffirum.
852 1106 1066 1201 Sagittarum
1088 1106 1146 1179 hic
1166 1106 1247 1182 usus
1265 1108 1339 1203 est,
1365 1126 1408 1186 ut

347 1208 475 1289 emillae
490 1210 597 1282 celeri
615 1209 741 1278 volatu
763 1205 936 1293 ferantur,
964 1204 1055 1288 &ad
1072 1204 1243 1281 destinata
1259 1230 1410 1303 queque

345 1310 525 1388 indeflexa
544 1310 636 1380 linea
654 1306 858 1400 dirigantur.
911 1301 992 1378 Effe
1007 1320 1125 1379 autem
1140 1304 1301 1403 sagittas,
1333 1315 1409 1403 qui

346 1414 416 1487 bus
432 1408 611 1482 Dominus
626 1419 770 1497 utatur,
796 1406 847 1478 ita
860 1404 1029 1501 legimus,
1056 1425 1138 1479 cum
1155 1409 1221 1482 ait:
1247 1409 1346 1483 Mifit
1359 1412 1409 1487 sa·

345 1516 453 1609 gittas
465 1509 555 1599 suas,
581 1504 803 1597 &diffipavit
818 1525 896 1578 eos.
946 1504 988 1577 ln
1005 1502 1102 1579 Esaia
1112 1527 1256 1599 quoque
1267 1511 1316 1583 ita
1327 1509 1410 1585 scri·

345 1626 448 1705 ptum
466 1606 530 1698 est,
557 1604 777 1698 quodetiam
794 1601 1409 1703 deipsoDominodiiiumelsepos·

345 1711 389 1786 sit
404 1706 575 1802 intelligi:
599 1704 648 1777 Et
663 1702 782 1798 posuit
798 1726 856 1777 me
871 1719 1048 1795 tamquam
1061 1703 1219 1800 sagittam
1236 1708 1406 1804 ereum,

346 1811 382 1883 ἃ
404 1811 441 1882 in
459 1810 625 1901 pharetra
644 1802 702 1877 sua
725 1802 913 1877 abscondit
927 1826 1003 1895 me,
1030 1805 1168 1877 &dixit
1187 1807 1290 1881 mihi:
1326 1810 1407 1883 Ma·

246 1956 261 1969 -
347 1929 456 2004 gnum
484 1906 548 1978 tibi
571 1902 621 1977 est
645 1905 717 1976 hoc
743 1904 927 1981 vocarite
949 1923 1099 1994 puerum
1116 1926 1248 1983 meum.
1313 1908 1406 1983 Sunt

280 2026 284 2032 ·
346 2027 436 2102 ergo
450 2003 646 2079 istiusmodi
662 2004 733 2075 Dei
751 2001 881 2097 sagitta
903 2005 1031 2074 volatu
1050 2007 1147 2096 citae,
1173 2004 1244 2078 istu
1260 2002 1405 2084 fideles:

226 2139 229 2148 ·
345 2128 445 2198 quas,
472 2114 641 2196 quantum
660 2105 752 2174 ratio
773 2100 936 2193 spiritalis
949 2093 1182 2197 demffnstrat,
1207 2105 1405 2201 fignificare

250 2221 253 2228 '
346 2205 523 2280 doslrinas
537 2202 767 2295 propheticas
779 2215 886 2291 atque
897 2201 1123 2294 apostolicas,
1148 2205 1320 2294 inquibus
1333 2208 1405 2283 Det

342 2308 497 2379 verbum
523 2302 597 2384 est,
628 2306 780 2393 oportet
794 2302 966 2396 intelligi,
998 2304 1130 2394 ubique
1146 2302 1280 2393 millas3
1307 2328 1418 2394 coma

235 2478 238 2489 ,
342 2418 567 2501 pungentes,
593 2417 803 2498 arguentes,
829 2402 1008 2475 volantes.
1055 2429 1057 2433 ⁴

368 2537 373 2547 ·
450 2527 504 2598 19.
532 2505 755 2598 Quamquam
770 2502 928 2594 plurimis
944 2502 1035 2572 locis
1052 2502 1315 2576 meminerimus
1335 2503 1404 2579 else

345 2602 614 2694 &mortiferam
642 2603 815 2674 &letales
833 2599 987 2695 sagittas,
1015 2601 1059 2675 de
1078 2602 1203 2691 quibus
1220 2602 1404 2676 scribitur.-

344 2704 496 2799 Sagittas
519 2701 594 2773 suas
616 2701 739 2773 arsuris
759 2715 928 2791 operatus
947 2699 1008 2775 est.
1059 2701 1195 2775 Verum
1216 2703 1275 2775 hic
1292 2704 1336 2776 de
1351 2707 1404 2776 ul·

252 2819 254 2823 ·
345 2806 494 2875 triclbus
511 2799 642 2895 sagittis
655 2800 722 2872 dici
739 2800 885 2892 aliquid,
909 2799 1058 2897 intelligi
1074 2821 1149 2874 non
1162 2802 1296 2893 potest:
1321 2807 1402 2894 quia

343 2923 440 2976 nunc
456 2904 537 2993 fitur
549 2899 674 2992 sagittae
694 2908 731 2970 in
750 2904 1022 2994 monumentis,
1057 2904 1184 2989 stafilir‘
1202 2899 1400 2993 excussurum.

231 3092 233 3097 .
329 2999 481 3075 Pharao
505 3002 644 3071 inmari
671 3003 781 3072 rubro
805 2999 842 3069 in
864 3000 1044 3070 interitum
1064 3006 1113 3072 ob
1132 3003 1264 3076 crimen
1280 3003 1404 3094 impie·

226 3154 227 3160 η
277 3160 280 3167 .
335 3103 426 3173 ‘tatis
445 3097 606 3171 excussus
623 3097 683 3171 est.
739 3096 1404 3194 Exculsumquoqueapostolicispedi·

335 3201 408 3273 'bus
428 3202 634 3291 pulverem,
661 3196 785 3272 scimus
802 3197 1010 3270 sententiam
1032 3196 1101 3270 elle
1117 3200 1302 3276 maledisii.
1354 3199 1403 3274 Et

343 3301 424 3392 quia
438 3300 511 3371 srve
526 3298 713 3389 Prophetae
731 3298 805 3390 ips,
835 3298 894 3388 qui
911 3295 1151 3392 excussorum,
1177 3299 1293 3391 idest,
1320 3322 1405 3394 pec·

342 3417 505 3471 catorum
526 3398 559 3470 &
578 3395 845 3470 maledislorum
868 3392 953 3477 filii,
986 3413 1164 3486 tamquam
1185 3401 1404 3474 volantes&

341 3497 466 3579 fideles
489 3495 621 3593 sagitte
637 3495 805 3569 dostriuae
822 3495 970 3568 coelestis
984 3497 1088 3570 emissi
1105 3496 1195 3571 sunt:
1225 3501 1286 3570 vel
1302 3499 1404 3591 Apo·

339 3597 422 3673 stoli
439 3597 734 3687 ecclesiarumque
754 3595 922 3667 dosiores
944 3598 988 3668 de
1006 3597 1150 3670 excussis
1166 3618 1231 3687 per
1244 3600 1405 3690 impieta·

339 3713 414 3770 tem
429 3697 520 3770 suam
532 3699 568 3769 in
578 3695 799 3768 maledislurn
813 3697 979 3792 gentibus
991 3696 1237 3768 crediderunt:
1263 3698 1403 3770 idcirco

258 3836 263 3843 ·
342 3800 408 3869 ait:
452 3794 626 3892 Tamquam
635 3797 760 3887 sagitta
774 3802 811 3862 r'rr
835 3820 934 3882 manu
954 3801 1114 3888 putentis,
1150 3802 1197 3868 ito
1217 3798 1282 3884 filu·
1297 3799 1402 3882 excus-

339 3897 460 3984 [orums
489 3901 614 3968 orbem
629 3909 731 3966 terrae
747 3897 876 3965 volatu
889 3910 1131 3989 peragrantes,
1155 3893 1308 3969 infidelia
1319 3914 1401 3966 cor-

340 3996 384 4068 da
401 3994 570 4068 dostrirrae
586 3997 661 4068 telo
673 3995 920 4082 vulnerantes,
947 3993 980 4065 δι
997 4010 1228 4086 peccatorum
1240 3997 1401 4069 omniunt

338 4097 523 4170 incentiva
538 4093 678 4171 salutari
690 4093 813 4187 jaculo
829 4111 1043 4192 pungentes.
1281 4187 1318 4264 A

1196 4211 1256 4268 20.
1321 4207 1356 4265 t·.
