3317 4900
339 489 389 559 42
481 501 484 508 ·
566 503 589 544 t
669 447 706 542 S
755 444 1063 542 Hetanit

339 626 599 720 Relinquentet
617 627 711 702 enim
731 628 885 720 templa,
919 647 1018 717 aras,
1044 625 1281 718 cupiditates,
1306 626 1404 699 lasci·

243 725 247 731 '
339 731 436 804 vias,
473 728 632 800 &omne
650 729 821 801 vitiorum
841 725 1082 819 profundum,
1111 727 1287 800 convenit
1304 728 1404 799 inde·

339 826 428 901 fello
442 829 576 899 obtutu
591 825 799 919 teneoque
816 823 1008 917 perlistere.
1060 827 1096 898 Si
1110 828 1335 921 enimgentes
1348 848 1405 899 er·

272 959 276 982 =·
338 947 427 1000 rore
452 926 515 1000 suo
541 946 647 999 coecae
668 926 914 1002 indemutabili
934 928 1129 1017 pertinacia
1150 926 1241 998 falsis
1260 927 1405 1020 religio·

338 1029 443 1100 nibus
466 1029 691 1118 detinentur,
725 1029 795 1117 ita,
830 1040 873 1097 ut
893 1024 1026 1098 reslesli
1053 1047 1073 1097 a
1095 1024 1402 1117 superstitionibus

339 1127 407 1202 suis
435 1128 512 1199 veri
531 1128 673 1200 ratione
696 1125 937 1218 nonpossint,
974 1124 1118 1198 diuersis
1135 1126 1237 1215 Diis,
1272 1141 1314 1198 ut
1334 1147 1402 1198 vo·

339 1243 442 1316 cant,
478 1223 732 1317 perseverante
760 1224 907 1299 stultitia
927 1223 1145 1313 servientem
1180 1225 1264 1306 &st
1285 1225 1401 1299 ‘anima

337 1327 586 1422 peccantium,
624 1342 728 1418 capta
751 1326 925 1398 vitiorum
944 1326 1141 1414 illecebris,
1177 1325 1401 1399 devotislime

336 1424 448 1499 servit
475 1440 652 1516 tamquam
679 1427 866 1517 imperanti
888 1424 950 1497 sibi
970 1426 1139 1517 corpori:
1173 1439 1311 1518 quanto
1331 1446 1401 1499 not

336 1528 447 1618 magis
471 1526 648 1598 convenit
672 1525 789 1598 Deum
816 1525 1045 1597 conditorem
1064 1524 1139 1600 caeli
1161 1525 1195 1600 dt
1217 1539 1321 1598 terre
1339 1546 1402 1596 co·

338 1623 574 1721 gnoscentes,
614 1622 702 1720 (qui
723 1640 770 1698 ut·
787 1638 918 1717 potens
941 1625 1050 1697 suerit
1073 1647 1119 1698 ex
1134 1639 1230 1698 tetra
1246 1627 1403 1700 inanime

338 1727 493 1797 animare
514 1725 715 1812 hominem,
751 1727 801 1798 ita
820 1724 1007 1817 &potens
1032 1724 1073 1796 srt
1096 1726 1301 1815 hominem,
1341 1727 1401 1816 qui

334 1825 406 1918 jam
423 1827 595 1898 animatus
607 1826 803 1916 occiderit,
828 1825 864 1896 in
883 1825 1088 1896 eternitatis
1106 1823 1326 1898 consortium
1340 1846 1402 1897 ex·

337 1922 500 2016 citare,)
533 1922 606 1998 fine
619 1925 761 1998 deflexu
777 1925 896 2012 aliquo
915 1945 956 1995 ac
977 1925 1081 1996 devia
1098 1925 1273 2018 religione
1291 1945 1401 1996 vene·

335 2025 427 2198 {lateii
467 2044 584 2193 n2eque
610 2045 791 2117 quoquam
811 2025 958 2097 intentae
980 2022 1063 2097 fidei
1086 2025 1314 2118 pertinaciam
1339 2024 1401 2098 de·

253 2165 255 2170 ·
365 2145 479 2196 eeoe

436 2215 1399 2314 6.ffldmummmssmmmmbfflaeoemmm·

337 2321 542 2396 demutabili
559 2322 601 2392 ad
612 2321 728 2394 Deum
747 2321 816 2396 esse
828 2321 963 2416 semper
979 2327 1126 2413 obtutu,
1152 2324 1291 2395 dicens:
1322 2325 1400 2394 Ecce

324 2423 411 2521 ficut
428 2423 508 2492 oculi
524 2424 683 2507 strumum
699 2428 734 2491 in
757 2449 868 2495 manto
886 2428 1076 2495 dominorum
1096 2425 1239 2511 [aarum
1265 2422 1305 2499 (5
1313 2424 1399 2518 ficut

336 2526 417 2599 ausi
434 2526 554 2593 nocida
574 2528 745 2593 ira-monus
763 2527 983 2612 dominaesuae:
1006 2526 1044 2614 fic
1063 2525 1141 2594 orosi
1158 2524 1255 2622 oofiri
1272 2525 1311 2594 ad
1332 2529 1400 2595 Do·

335 2628 458 2693 minum
478 2628 580 2693 Deum
604 2626 754 2717 nostrum,
795 2627 886 2695 donec
904 2623 1203 2712 misereaturatobr's.
1267 2622 1399 2697 Exem-

334 2723 386 2816 pli
409 2723 715 2812 comparationem
741 2723 922 2814 Propheta
939 2723 1076 2816 posuit,
1111 2739 1152 2796 ut
1168 2725 1256 2798 srcut
1272 2724 1306 2795 in
1327 2744 1399 2795 ma·

335 2842 402 2901 nus
426 2822 653 2897 dominorum
679 2826 774 2895 oculi
798 2824 984 2896 servorum
1008 2822 1109 2914 suot,
1143 2825 1193 2896 ita
1216 2823 1257 2893 ad
1277 2823 1397 2894 Deum

335 2923 433 2993 oculi
444 2920 525 2992 sidei
537 2921 831 2996 suaeintentisrnt:
849 2919 1184 3014 quiafidelisseruus
1197 2924 1240 2995 ad
1252 2943 1397 2995 omnem

336 3021 578 3095 obedientiam
596 3024 796 3095 voluntatis
817 3023 1005 3096 dominicae
1022 3022 1193 3095 sollicitus
1211 3023 1271 3108 stt,
1297 3022 1398 3094 inde·

316 3156 318 3161 ·
334 3119 524 3211 flexosque
542 3126 671 3196 oculos
691 3121 825 3215 semper
841 3124 1013 3196 intendat.
1065 3121 1134 3196 Sed
1158 3122 1182 3194 sr
1201 3122 1246 3195 de
1264 3119 1398 3212 seruis,

334 3240 378 3292 ac
392 3220 545 3295 dominis
566 3224 815 3315 corporalibus
835 3221 949 3295 sermo
970 3221 1075 3305 esset3
1108 3220 1236 3294 ditium
1252 3222 1300 3291 ita
1319 3221 1398 3292 fue·

334 3333 412 3409 tat,
440 3323 570 3394 oculos
594 3320 778 3396 servorum
800 3324 835 3394 in
850 3325 965 3394 oculis
982 3324 1039 3394 vel
1059 3323 1093 3392 in
1110 3324 1247 3414 lingua,
1274 3323 1335 3390 vel
1358 3323 1397 3393 in

334 3418 527 3511 conspeetu
549 3421 619 3495 elle
639 3423 886 3496 dominorum:
920 3435 981 3492 aut
1001 3437 1091 3493 nutu
1112 3423 1204 3492 enim
1220 3419 1273 3490 his
1291 3420 1398 3507 jube·

333 3532 408 3609 tur,
435 3534 586 3594 autore.
637 3522 706 3595 Sed
723 3542 847 3594 manus
862 3541 929 3613 pro
945 3523 1113 3612 operibus
1131 3520 1313 3609 Scriptura
1325 3519 1396 3591 fre·

333 3617 676 3715 fluentersrgnisicat.
729 3622 963 3703 Subtemen,
991 3622 1175 3708 quineque
1192 3619 1394 3709 hominum,

333 3736 451 3808 neque
468 3719 546 3792 Dei·
561 3719 654 3792 servi
679 3720 777 3810 sunt3
818 3720 876 3793 sed
895 3719 985 3791 servi
1008 3718 1085 3790 sunt
1101 3720 1251 3808 peccati.
1315 3719 1393 3788 Do·

330 3817 433 3893 anino
447 3818 607 3893 dicente:
634 3822 775 3909 Omnis,
802 3821 860 3910 qui
880 3818 966 3892 facit
982 3831 1183 3907 peccatum,
1208 3816 1392 3890 servusest

256 3974 261 3985 .
332 3918 485 4008 peccati.
536 3918 584 3992 Hi
603 3918 789 4012 ergoserui
805 3917 1141 4008 harumspiritalium
1155 3920 1392 4009 nequitiarum

253 4044 258 4061 ·
328 4016 368 4091 in
387 4014 597 4103 coelestibus,
624 4020 659 4091 in
677 4038 787 4111 opera
803 4039 930 4092 eorum
948 4033 1124 4107 tamquam
1141 4020 1176 4091 in
1194 4037 1313 4091 manus
1329 4018 1395 4086 do·

330 4118 513 4195 minorum
538 4115 682 4211 suorum
711 4120 826 4193 oculis
851 4122 981 4195 mentis
1007 4115 1075 4191 suae
1102 4117 1237 4213 semper
1262 4118 1397 4191 intenti

1236 4217 1344 4310 sunt,
