3317 4900
372 413 657 497 Taacrnrrra
680 433 733 492 ιι
758 355 962 491 CXXXV.
987 411 1225 494 Praamou.
1276 395 1346 507 rtis

277 583 493 679 gnerentm,
518 570 682 654 inclusit·
725 574 858 669 Neque
876 577 969 650 enirn
988 577 1172 674 gignendae
1188 577 1347 651 arcarios
1432 570 1439 588 ‘

276 702 340 756 ner
356 683 537 753 virtutum
548 675 834 769 inconspicabilis
853 676 922 750 Dei
938 673 1033 749 ferre
1044 675 1252 769 potuissent,
1278 677 1342 754 nili

275 795 415 856 naturae
437 777 709 872 temperationis
732 776 877 868 oeJeuu
902 774 1128 850 sedemhanc
1146 777 1340 853 moderatae

276 882 322 954 ad
339 874 581 974 infirmitatem
597 877 835 950 habitationis
851 876 1066 950 incolerent.
1117 873 1231 967 Aquis
1244 878 1350 953 enim

275 978 431 1055 elevatis
451 975 556 1069 ipsam
581 978 675 1050 illam
690 977 794 1069 'primi
815 976 894 1049 eoeli
919 989 1082 1049 natumm
1102 977 1340 1065 temperavit,

276 1099 357 1168 quae
377 1074 574 1150 circumfusi
593 1074 662 1149 Dei
678 1075 822 1150 accensa
839 1077 978 1149 virtute
993 1094 1214 1169 nequaquam
1230 1075 1274 1149 ab
1286 1074 1338 1149 in·

275 1174 576 1252 senioribus-esset
594 1173 762 1268 patienda
778 1176 928 1250 naturis.
971 1235 976 1250 ,.
1034 1237 1043 1255 t
1419 1264 1423 1270 Ι

341 1303 343 1308 ⁴
377 1295 422 1371 9.·
439 1273 847 1366 Coelumveroinseriua‚
873 1273 1155 1364 nonuniforme,
1179 1270 1238 1346 sed
1250 1275 1343 1348 mul·

275 1375 390 1469 uplex
405 1375 579 1450 tetenditr
604 1375 701 1465 quod
712 1386 830 1448 totum
841 1369 1101 1449 firmamentum
1111 1393 1336 1467 nuncupans,

274 1474 394 1549 valida
413 1476 457 1549 ad
469 1473 762 1548 sustentationem
779 1493 946 1563 aquarum
962 1472 1181 1567 superiorum
1200 1489 1337 1565 tempe·
1417 1529 1420 1536 .

273 1576 526 1667 rationemque
554 1573 644 1645 aeris
663 1570 774 1645 nostri
789 1569 958 1645 firmitate
975 1573 1153 1648 solidavit.
1176 1651 1190 1689 ἧ
1220 1570 1269 1647 Et
1286 1573 1349 1646 id·.'

275 1677 375 1748 circo
390 1677 510 1769 plures
528 1673 639 1745 coelos
656 1669 817 1745 doctrina
828 1671 1039 1764 prophetica
1051 1673 1228 1768 prodidttr
1254 1672 1337 1762 qrria

274 1773 504 1848 necessarium
526 1787 662 1847 natura
684 1770 813 1845 nostrae
830 1768 922 1862 fuit,
959 1783 1024 1861 per
1034 1780 1227 1845 momenta
1245 1793 1337 1876 qua·

275 1874 355 1946 dam
374 1871 601 1965 &proseblus
617 1870 880 1945 rationabilium
891 1869 1193 1960 moderationum,
1220 1874 1339 1966 regio·

275 1993 359 2047 nem
379 1971 471 2044 banc
494 1970 622 2044 indulti
640 1972 745 2047 nobis
767 1971 811 2046 acl
825 1967 977 2064 praesens
994 1969 1187 2041 habitaculi
1203 1982 1337 2066 tempo

273 2090 357 2145 ran.
507 2091 511 2100 ·

369 2189 437 2245 ro.
461 2165 521 2243 De
536 2186 688 2242 numero
700 2188 793 2241 vero
811 2171 985 2243 coelorum
1000 2165 1087 2241 nihil
1102 2167 1162 2241 libi
1173 2157 1334 2242 liumanae

269 2265 443 2344 doctrinae
464 2269 646 2356 temeritas
673 2266 868 2362 praesurnat.
932 2264 1130 2361 Apostolus
1157 2268 1335 2357 usquead

271 2368 419 2443 tertium
438 2382 577 2442 tantum
597 2369 723 2441 coelum
741 2366 813 2441 sese
831 2381 970 2462 raptum
986 2368 1164 2465 intelligit
1213 2366 1336 2441 Plures

275 2470 419 2562 quidem
441 2467 635 2562 Thronos,
649 2467 892 2558 nominatur,
916 2464 1130 2561 Potestates‚
1157 2465 1338 2560 Principa-

276 2581 335 2640 tus
355 2583 608 2641 connumerata
641 2564 768 2660 quib'ur
787 2566 928 2642 metelle
943 2565 1017 2657 est,
1052 2568 1215 2662 proprias
1237 2563 1337 2641 sedes

274 2661 508 2742 habitationis
524 2667 878 2763 congruaedeputari.
928 2663 1147 2758 Sediralia,
1181 2687 1336 2755 quorum

276 2764 525 2860 cognitionem
539 2764 669 2839 futuris
683 2767 908 2859 temporibus
921 2766 1122 2859 promittit,
1152 2763 1220 2838 else
1237 2766 1337 2862 figni-

272 2863 382 2957 ficat,
415 2885 496 2939 cum
519 2865 586 2938 ait:
616 2862 664 2936 Et
679 2863 781 2958 super
797 2885 905 2950 omne
921 2885 1076 2958 nomen,
1103 2866 1200 2957 quod
1221 2867 1337 2940 nomi·

274 2978 396 3055 natur,
423 2984 499 3038 non
514 2962 625 3039 solum
642 2965 677 3037 in
694 2966 767 3039 hoc
787 2967 922 3057 seculo,
948 2961 1007 3038 sed
1025 2967 1130 3037 etiam
1145 2966 1181 3036 in
1195 2964 1333 3042 futuro.

275 3061 345 3136 Sed
365 3064 409 3136 de
432 3084 583 3138 numero
601 3061 797 3157 Apostolus
812 3066 900 3138 nibil
913 3065 1057 3137 docuit:
1084 3061 1262 3153 &nescim
1288 3087 1333 3137 an

275 3164 443 3253 tacuerit,
470 3185 514 3237 an
528 3165 762 3259 ignoraverit.
812 3164 923 3238 Nunc
937 3163 1030 3236 enim
1048 3161 1268 3256 &professus
1283 3159 1333 3236 est

275 3261 311 3336 se
326 3272 488 3355 exparte
504 3260 747 3358 cognoscere:
774 3261 807 3334 ἀ
825 3278 956 3343 tamen,
982 3283 1062 3335 cum
1080 3276 1202 3354 raptus
1213 3264 1335 3334 adcoe·

273 3363 334 3435 los
350 3360 418 3456 est,
449 3359 646 3449 audine-se,
674 3382 839 3452 qumnon
861 3362 926 3435 srnt
943 3362 1146 3454 loquenda,
1173 3361 1333 3441 testatur.

274 3457 396 3533 Nobis
418 3460 542 3536 sufficit
562 3462 682 3557 plures
697 3463 806 3535 coelos
821 3461 909 3535 scire
927 3460 1015 3534 else:
1051 3461 1183 3552 quippe
1199 3481 1278 3532 cum
1299 3459 1334 3531 br

278 3558 360 3631 coeli
380 3562 572 3652 caelorum,
598 3560 766 3657 barone,
793 3581 870 3655 quae
891 3560 994 3658 super
1011 3562 1124 3635 coelos
1142 3557 1236 3654 sunt,
1260 3562 1334 3632 lau·

275 3658 366 3734 dent
384 3657 591 3737 Dominum.
1228 3682 1232 3690 ’

380 3777 436 3833 11.
460 3757 533 3832 Sub
550 3761 722 3835 inferiore
739 3772 858 3834 autem
872 3758 1063 3854 superioria
1080 3754 1204 3830 circuli
1223 3757 1332 3847 coelo,

274 3855 375 3951 quod
394 3852 654 3935 firmamentum
675 3861 919 3953 nuncupavit,
952 3875 1081 3931 terram
1096 3855 1242 3929 inferius
1257 3857 1334 3929 eol·

270 3958 431 4033 locauit:
462 3977 567 4048 quam
583 3959 733 4034 mediam
752 3957 968 4052 suspendens
986 3951 1258 4045 &confirmata
1284 3956 1336 4028 ita

273 4056 579 4137 amentiorem
599 4059 809 4236 moderat?
837 4058 910 4154 est,
947 4071 988 4134 ut
1011 4053 1152 4154 paribus
1175 4055 1339 4144 undique·

826 4181 847 4254 3
1187 4174 1287 4232 men·
1322 4232 1326 4243 ,
1424 4187 1429 4197 ·
