3317 4900
323 455 349 540 ὃ
485 453 493 462 ”
636 403 1053 536 'Sallrnam

279 645 292 662 ·
328 624 429 702 malis
452 625 585 698 cavere
599 621 749 720 debeat,
777 620 910 709 docet;
936 619 991 695 his
1007 641 1182 716 namque,
1208 643 1286 716 que
1305 639 1397 698 con*-

327 722 783 802 iiliorumaudlbritatibun
809 721 1103 806 &hortationum
1115 724 1332 816 impulsibus,
1359 724 1396 797 dr

286 816 290 821 ’
328 819 580 900 blanditiarum
607 823 784 895 illecebris
806 829 876 893 nos
899 823 936 895 in
956 821 1136 898 infernum
1160 809 1395 919 demergunt,

331 921 1004 1012 cunaliusnoshorramradbonores,
1032 924 1119 995 alius
1130 925 1226 1012 otio,
1251 921 1394 1012 somno,

331 1025 433 1120 gula,
458 1026 545 1096 luxu
563 1023 606 1095 ad
623 1021 830 1114 praesentem
850 1023 962 1095 vitam
977 1022 1133 1109 detinet,
1168 1023 1258 1096 alius
1272 1024 1315 1096 ad
1335 1024 1398 1098 sale·

330 1123 444 1199 sarum
466 1124 680 1217 religionum
699 1119 983 1214 superstitionem
1000 1121 1166 1220 deducit,
1201 1124 1288 1196 alius
1310 1124 1396 1198 hor·

245 1269 247 1278 ·
331 1237 429 1298 tatur
445 1223 488 1296 ad
504 1220 699 1307 schismata,
725 1221 813 1318 alius
830 1221 874 1292 ad
887 1221 1237 1296 haeresrmsollicitat:
1264 1223 1309 1295 de
1322 1225 1397 1315 qui·

331 1319 400 1399 b'us
417 1319 585 1415 scriptum
600 1319 667 1393 est:
690 1319 917 1394 subvertunt
936 1343 1055 1394 mores
1069 1324 1193 1394 bonos
1213 1324 1400 1412 colloquia

333 1424 436 1498 mala.
489 1419 657 1512 Namque
682 1418 850 1493 adversus
866 1421 1078 1496 haecomnia
1095 1423 1198 1495 animi
1215 1422 1400 1496 nostriinr·

322 1517 463 1614 -becilla
482 1537 609 1593 natura
625 1517 685 1594 est.
738 1519 1025 1595 circumcursant
1044 1522 1137 1596 enim
1158 1522 1328 1614 undique,
1356 1541 1402 1594 ac

334 1623 445 1696 variis
473 1641 543 1693 nos
568 1619 893 1694 blandimentorum
914 1620 1057 1694 suorum
1079 1622 1210 1694 aculeis
1229 1641 1405 1716 compun-

335 1734 437 1818 gunt.
488 1717 672 1814 slepaima
689 1722 747 1791 illa
764 1717 841 1811 spes
862 1721 946 1792 vitae
965 1719 1035 1812 est,
1062 1735 1103 1792 ut
1120 1722 1402 1813 irrumpentibus

333 1821 404 1894 illis
422 1820 459 1893 in
477 1817 610 1892 sensum
628 1819 788 1892 nostrum
804 1823 863 1906 vi,
897 1820 1042 1912 fraude,
1076 1821 1281 1911 dominatu,
1308 1819 1400 1896 tarn'·

336 1941 441 2012 quam
462 1941 482 1993 e
502 1919 617 1993 media
642 1921 875 1991 tribulatione
896 1922 1087 1994 clamemur
1111 1919 1155 1993 ad
1178 1921 1399 2009 Dominum

334 2035 377 2092 ut
400 2019 591 2092 conversio
616 2019 736 2092 nostra
752 2021 795 2090 ad
818 2039 921 2111 eum,
956 2018 1243 2094 conflisiantibus
1263 2022 1426 2095 calami»

243 2150 246 2157 ·
335 2121 487 2210 tatibus,
514 2120 603 2190 totis
625 2117 740 2191 fidelis
759 2119 925 2192 clamoris
944 2120 1080 2194 viribus
1098 2121 1272 2197 audiatur.
1323 2121 1403 2215 Jan

338 2233 456 2296 autem
477 2217 549 2311 ipse
565 2220 699 2290 clamor
715 2218 758 2290 ad
772 2231 855 2292 eum
870 2219 990 2296 nostra
1006 2222 1074 2293 erit
1086 2223 1253 2312 requies,
1281 2221 1317 2294 dt
1330 2218 1405 2313 ipsa

234 2357 236 2362 ·
340 2318 532 2414 conversio
552 2318 767 2408 deprecandi
789 2320 941 2393 maxima
959 2339 1039 2414 pars
1060 2341 1102 2392 ae
1115 2320 1193 2413 spes
1207 2319 1257 2394 est
1269 2318 1402 2397 salutis.

338 2417 537 2494 Etidcirco
560 2420 624 2491 ait:
650 2419 702 2491 Ad
722 2435 763 2506 re,
793 2424 940 2506 Domine,
966 2445 1033 2491 cum
1047 2420 1229 2508 tribularer,
1252 2422 1404 2512 clamavi,

339 2518 379 2597 dr
400 2519 551 2616 exaudisti
568 2542 624 2588 me.
683 2517 759 2613 lpse
777 2522 870 2594 enim
890 2518 1015 2595 solitus
1032 2520 1082 2594 est
1096 2524 1328 2615 precantibus
1355 2522 1407 2594 di·

340 2640 441 2694 cere:
468 2616 565 2690 Ecce
583 2617 712 2692 adsum.
1167 2664 1171 2681 ‹

268 2778 272 2791 ,
446 2740 479 2810 3.
505 2716 554 2789 Et
567 2720 647 2809 quia
665 2719 773 2811 adest,
801 2719 845 2792 de
860 2719 928 2813 his,
955 2718 1321 2812 quaeconsequuntur,
1346 2741 1408 2794 ro·

251 2904 253 2909 ,
343 2818 475 2915 gundus
492 2817 559 2889 est:
595 2822 751 2911 Domine,
786 2820 884 2890 libera
906 2824 1045 2891 animam
1065 2847 1085 2889 a
1102 2821 1198 2891 labiis
1213 2826 1357 2918 iniquis,
1385 2846 1407 2892 a

343 2922 450 3009 lingua
468 2916 575 3003 dolosa.
639 2918 727 2990 Haec
745 2920 839 2992 enim
862 2918 935 2993 sola
951 2920 1136 2992 tribulatio
1148 2920 1247 3012 justis
1268 2925 1408 3012 pericu·

344 3017 419 3090 losa
433 3016 496 3105 cst,
520 3020 621 3090 malae
636 3017 898 3091 adhortationis
914 3018 1078 3108 societas,
1106 3012 1307 3110 &pestiferi
1319 3043 1409 3094 eon·

344 3118 408 3192 filii
423 3116 668 3210 consuetudo,
696 3139 797 3209 aqua
813 3121 949 3191 animus
965 3117 1173 3190 referendus
1195 3118 1264 3209 est,
1291 3121 1325 3191 dr
1346 3142 1408 3193 au·

346 3238 404 3290 res
422 3214 645 3290 obstruenda
661 3216 751 3292 sunt.
802 3218 1345 3310 Distinxitautemlabiainiqua,
1373 3220 1410 3292 dt

345 3318 499 3412 linguam
522 3315 692 3391 dolosam.
730 3316 799 3390 lit
824 3319 964 3408 quidem
981 3319 1147 3409 iniquitas
1163 3320 1411 3393 inverecunda

347 3415 419 3507 e'st,
459 3419 573 3507 palam
601 3419 728 3511 audet,
768 3419 883 3510 palam
908 3419 1076 3508 molitur,
1114 3420 1227 3511 palam
1253 3415 1409 3510 perficit.

346 3516 396 3589 Hi
415 3514 516 3608 sunt,
548 3518 607 3607 qui
623 3517 838 3612 abnegantes
857 3518 994 3597 Deum,
1025 3520 1160 3590 nullum
1173 3518 1335 3590 humanis
1356 3538 1410 3591 re·
1434 3544 1437 3551 ·

346 3617 413 3687 bus
434 3612 588 3687 asserunt
602 3618 776 3708 reliquum
792 3616 860 3690 elle
872 3618 907 3689 in
917 3617 1091 3714 religione
1104 3617 1171 3688 Dei
1186 3617 1408 3709 prosedunm

348 3712 537 3788 sedsolnm
555 3718 628 3787 hoe
644 3715 705 3790 srbi
723 3719 860 3790 bonum
881 3716 964 3809 else,
991 3718 1088 3806 quod
1102 3719 1200 3789 luxui
1214 3717 1248 3789 dt
1262 3719 1408 3808 corpori

272 3876 275 3883 .
351 3816 502 3906 vivant,
529 3815 724 3888 adimentes
743 3817 827 3890 Deo
846 3834 986 3908 curam,
1013 3817 1293 3906 providentiam,
1320 3816 1410 3888 arbi·

348 3914 477 3998 trium,
511 3914 736 4005 potestatem.
802 3916 943 3990 Horum
962 3936 1049 4008 ergo
1070 3917 1162 3988 labie
1181 3917 1259 3990 sunt
1277 3918 1407 4005 iniqua.

348 4011 498 4084 Dolosae
520 4031 637 4088 autem
658 4017 785 4110 linguae
806 4037 898 4107 opus
915 4015 1022 4087 fallax
1040 4014 1111 4104 est,
1149 4017 1183 4087 u
1196 4038 1258 4109 per
1277 4018 1413 4090 simula·

348 4114 489 4189 tionem
510 4116 680 4209 noxium,
706 4117 809 4210 quod
829 4113 892 4193 sub
910 4116 1092 4217 religionis
1108 4120 1254 4193 nomine
1270 4131 1414 4193 evertat

1280 4218 1362 4292 reli·
