3317 4900
301 465 304 482 .
443 357 729 534 Truentus
751 349 802 488 ru
828 407 991 525 CXLV.
1017 353 1253 522 Patalium.
1310 438 1383 540 ψ

307 575 525 677 principibus,
550 547 650 673 maus
662 577 699 646 ist
708 575 797 666 filiis
811 576 988 663 homiuum,
1009 564 1052 646 'in
1067 575 1178 674 quidus
1197 600 1264 650 aum
1277 577 1377 674 estfa-

310 681 369 751 lus.
402 721 404 726 ·
425 675 549 753 Exiuit
564 678 696 772 spiritus
712 673 804 772 ejus,
828 671 869 756 (7
887 692 1069 752 revertatur
1082 679 1122 751 iu
1136 679 1374 767 tmamsuama

306 785 345 852 in
361 780 416 850 ida
432 781 483 849 die
491 777 640 877 peribunt
657 800 762 848 omues
776 782 978 869 cogitationes
991 800 1107 850 eorum.
1155 779 1295 866 Beatus,
1320 803 1372 850 cu·
1445 781 1447 790 '

300 884 361 978 jus
378 883 466 952 Deus
487 877 588 974 Jacob
609 877 737 971 adjutor
756 879 841 972 ejus,
867 875 906 954 (5
917 877 986 973 spes
1003 849 1071 972 ejus
1088 882 1127 948 in
1146 880 1284 949 Domino
1303 882 1372 952 Dm

306 981 419 1076 ipfius,
451 983 509 1076 qui
517 976 600 1071 fauit
618 974 779 1056 celsum
800 993 939 1065 tarsum,
964 999 1071 1068 ause,
1095 971 1278 1066 (somnia,
1302 1003 1371 1075 qua

306 1087 344 1154 iu
361 1085 405 1150 eis
418 1072 505 1172 fisus.
554 1081 625 1177 Qui
637 1075 764 1173 custodis
778 1083 949 1152 viritatem
966 1083 1003 1148 in
1012 1076 1160 1165 suasum,
1179 1076 1265 1169 fotid
1275 1081 1371 1174 judi-

306 1185 388 1257 cium
406 1182 529 1277 injurio
537 1179 767 1275 patientibus„
787 1181 843 1252 dut
858 1180 954 1276 alcum
976 1175 1196 1273 efisrimtibus.
1257 1183 1377 1264 Drmi-¹

304 1305 367 1353 uus
386 1279 487 1368 fisduit
513 1280 712 1376 compeditos:
728 1279 736 1352 ’,
748 1281 907 1351 Dominus
922 1279 1138 1373 sapientificat
1152 1301 1250 1352 caros.
1304 1282 1369 1351 Ds-

302 1387 409 1450 minus
421 1383 515 1478 erigit
530 1379 641 1469 adisis.
694 1381 857 1448 Dominus
867 1381 974 1474 diligit
980 1380 1091 1476 jussos.
1141 1383 1304 1450 Dominus
1315 1403 1369 1450 cu·

293 1480 392 1582 fludio
407 1483 569 1559 aduinus
593 1478 748 1574 pupillum
763 1478 803 1558 U
817 1480 947 1550 uiduam
961 1482 1127 1576 suscipiet,
1154 1476 1192 1554 (i
1211 1481 1283 1551 vias
1294 1498 1367 1576 pec·

303 1597 447 1652 carorum
469 1584 714 1656 murminaus‘t.
785 1581 948 1674 Regnavit
976 1585 1137 1650 Dominus
1166 1584 1205 1652 iu
1226 1578 1368 1669 suasum

301 1685 392 1758 Dus
412 1696 489 1757 tuus
503 1678 604 1766 Situ,
630 1683 882 1776 ingenerationi
897 1678 1191 1778 &generationem

523 1835 885 1920 tutaremus
916 1801 1154 1918 assumi

302 2003 335 2063 1.
417 1980 503 2057 tiam
520 1979 605 2052 huic
625 1977 762 2056 Psalmo
787 1979 919 2055 addere
940 1978 1072 2072 aliquid
1088 1979 1365 2056 translatoribus

440 2075 554 2154 visum
576 2075 637 2152 est.
687 2078 883 2156 Nemeum
898 2079 1061 2159 Hebraeis
1084 2076 1159 2156 sola
1180 2079 1306 2177 adeluja
1321 2078 1365 2154 fit

299 2181 445 2272 praelata
464 2171 660 2270 ionseffim
686 2181 754 2253 illis
769 2180 905 2272 placuit
920 2177 1093 2276 Aggaeum
1109 2177 1365 2257 &Zachariam

296 2281 335 2356 in
349 2280 459 2356 titulo
479 2278 677 2356 anteferre:
703 2279 776 2355 hoc
789 2299 852 2369 eo,
878 2291 920 2353 ut
937 2278 1108 2356 Psalmum
1125 2273 1364 2374 effeprophe·

296 2381 409 2455 ticum
424 2376 671 2453 nosceremus:
703 2380 785 2471 quia
802 2399 865 2470 per
882 2377 951 2456 bos
964 2380 1182 2480 prophetas,
1208 2374 1271 2454 sub
1287 2373 1365 2470 ᾳιιίέ

294 2481 362 2557 bus
378 2477 552 2557 aedificata
567 2477 702 2555 rursum
716 2478 907 2572 Jerusalem
925 2477 989 2566 est,
1011 2479 1089 2571 ipso
1105 2479 1170 2553 illo
1184 2492 1260 2554 tum
1273 2489 1362 2553 tem·

294 2599 388 2672 pore
410 2594 551 2657 aeteruae
573 2576 765 2671 Jerusalem
785 2574 977 2654 edificatio
994 2579 1227 2672 predicatur,
1254 2580 1362 2653 etiam

293 2676 673 2773 Evangeliotestaote,
695 2700 776 2757 cum
789 2677 1167 2774 ingressuroternplum
1181 2676 1359 2771 Domino,

293 2777 654 2854 &nummulariorum
663 2777 811 2867 mensas,
827 2779 1064 2857 &ementium
1072 2799 1115 2853 ac
1123 2776 1361 2856 vendentium

290 2877 442 2971 negotia
458 2874 693 2969 subversuro,
718 2880 770 2953 ita
787 2876 955 2971 scriptum
973 2877 1041 2955 est:
1067 2877 1153 2955 Hoc
1171 2893 1289 2953 autem
1308 2877 1359 2951 sa·

293 2975 386 3052 &um
407 2974 472 3067 est,
498 2992 539 3049 ut
562 2976 786 3071 impleretur,
812 2980 910 3071 quod
933 2977 1063 3055 diuum
1077 2976 1128 3053 est
1145 2977 1358 3072 petZacha·

290 3079 380 3152 tiam
406 3076 624 3170 Prophetam
647 3078 844 3156 dicentem:
882 3079 1006 3157 Dicite
1026 3075 1108 3151 filim
1125 3077 1236 3168 Sion,
1270 3098 1358 3151 ecce

291 3196 357 3248 rer
380 3190 463 3252 tuus
483 3179 586 3250 venit
597 3179 664 3251 tibi
677 3176 902 3265 mansuetus,
936 3176 1060 3257 ledeos
1081 3175 1185 3277 super
1206 3176 1357 3269 asinam,

293 3275 328 3350 u
349 3278 484 3371 pullum
498 3279 686 3349 novellum
702 3275 930 3374 subjugalem.

393 3396 425 3453 2.
453 3371 522 3466 Et,
553 3390 596 3450 ut
618 3378 800 3468 arbitror,
838 3377 942 3471 hujus
963 3375 1154 3471 Jerusalem
1169 3376 1292 3472 potius
1321 3372 1356 3447 ἃ

292 3470 381 3544 Sion
401 3494 521 3569 regem
542 3472 695 3551 Psalmus
715 3474 892 3570 ostendit,
927 3477 987 3568 qui
1007 3479 1057 3554 ita
1079 3476 1205 3571 acepit:
1245 3476 1357 3550 Lauda

294 3577 476 3646 unimamaa
487 3579 676 3670 Dominum,
690 3576 820 3648 laudabo
834 3581 1003 3648 Dominum
1013 3582 1130 3655 inuita
1139 3601 1216 3663 mea,
1228 3572 1357 3671 pfhdom

294 3675 364 3742 Deo
379 3697 460 3757 meo,
485 3699 577 3771 quam
596 3679 652 3748 diu
668 3700 729 3751 ero.
779 3677 942 3754 scienter
961 3675 995 3755 ἀ
1017 3677 1062 3751 de
1081 3674 1271 3770 Prophetae
1290 3674 1356 3761 do·

291 3771 403 3850 dlritta
422 3771 595 3849 diibotum
615 3775 779 3853 ordinem
796 3778 925 3856 tenuit.
988 3776 1143 3857 Primum
1166 3775 1356 3850 enimcum

290 3874 459 3947 hortatur
478 3872 522 3945 ad
537 3875 696 3967 laudem,
723 3897 801 3968 quae
814 3878 851 3951 in
868 3876 962 3950 bane
979 3873 1030 3950 est
1048 3873 1354 3966 coustitutanatu·

290 3994 390 4063 tam,
425 3987 463 4043 ut
479 3989 619 4047 maneat
635 3990 778 4052 aeterna.
829 3973 926 4049 Tum
943 3974 1093 4066 deinde,
1121 3973 1202 4067 quia
1219 3994 1283 4068 per
1300 3994 1357 4045 re·
1439 4019 1444 4037 ·

291 4069 518 4150 sutreclionis
547 4075 681 4151 donum
703 4071 910 4249 glorislicato
930 4095 1089 4175 corpore
1117 4086 1237 4181 totum
1265 4068 1357 4151 seui

839 4196 866 4265 4
1184 4173 1307 4252 memi-
