3317 4900
442 403 904 504 Conmanaaaroaart
938 409 1206 503 Mantinon.
1284 449 1357 524 447

290 585 559 684 ¹dttrniverlitas
583 584 659 675 ejus
682 581 799 657 Deum
822 578 922 656 suom
946 583 1060 676 impio
1076 603 1142 657 ore
1163 584 1356 667 crucifixit.

286 689 478 788 Juniorem
493 700 611 757 autem
631 703 736 775 quem
756 679 969 776 sentiemus,
994 684 1054 774 qni
1070 686 1203 760 iturum
1218 688 1259 761 se
1275 688 1354 782 spo·

284 787 483 888 ponderit,
510 784 543 857 dt
565 802 641 856 non
661 780 814 854 abierit?
847 782 917 854 Sed
931 786 1089 877 gentium
1105 803 1353 877 peccatorum·

287 911 364 983 flue
386 886 486 984 plebs
505 884 556 974 id,
582 883 681 974 quod
702 880 910 974 spopondit,
937 881 1072 957 effecit.
1123 884 1225 959 Abiit
1244 892 1352 983 enirn,

286 987 379 1064 &ad
393 1005 499 1079 opus,
525 983 568 1056 ad
578 983 675 1073 quod
689 983 902 1080 vocabatur,
928 980 1145 1078 egressaestt'
1164 989 1353 1078 quomodo

285 1108 381 1185 ergo
397 1107 442 1162 ,ea
462 1081 553 1174 else,
579 1102 655 1173 quae
673 1102 748 1155 non
768 1082 874 1171 abiit,
900 1078 1099 1155 sentietur?

393 1206 450 1259 ιι.
477 1182 619 1256 Deinde
645 1178 717 1276 ipsa
744 1178 997 1256 Pharisaeorum
1024 1179 1229 1276 responso,
1267 1187 1353 1278 quid

284 1285 465 1366 momenti
485 1282 628 1369 habeat,
655 1280 883 1374 querendum
900 1279 961 1355 est.
1011 1279 1152 1356 Dicunt
1167 1285 1352 1368 voluntati

282 1389 468 1483 juniorem
485 1378 653 1454 obedisse.
704 1378 789 1453 Hoc
804 1397 922 1454 rernm
933 1379 1029 1453 ratio
1046 1401 1123 1454 non
1135 1384 1285 1478 patitur,
1311 1401 1353 1460 ιιι
1375 1407 1378 1412 ·

284 1485 447 1564 fimulata
461 1479 629 1576 profeffio
643 1478 809 1552 meritum
822 1477 1352 1574 persestaeveritatis'obtineat,

287 1600 334 1674 ιιι
350 1576 900 1678 pitissitfefellissespondentem,
925 1580 1220 1673 quampersecisse
1231 1589 1353 1659 omnia

285 1705 369 1762 non
381 1684 634 1777 pollicentem·
690 1678 782 1777 Quis
803 1690 920 1752 antem
937 1683 1012 1753 nob
1031 1681 1131 1753 malit
1145 1686 1265 1779 negari
1287 1685 1350 1759 sibi

285 1784 348 1877 id,
383 1782 483 1874 quod
503 1778 651 1875 poscat,
688 1777 885 1852 dummodo
906 1778 963 1869 id,
1002 1780 1100 1870 quod
1117 1783 1350 1880 poposcerit,

285 1879 371 1976 fiat,
396 1901 499 1977 quam
515 1899 592 1954 non
610 1875 705 1969 fieri,
732 1876 830 1968 quod
843 1874 1076 1970 spondeatur,
1101 1894 1142 1952 ιιι
1158 1879 1241 1971 fiat;
1269 1905 1352 1960 curn

284 1981 373 2060 fabii
396 1979 547 2055 effeetus
566 1999 611 2051 ex
627 1975 874 2070 desperatione
888 1977 930 2051 sat
943 1980 1098 2074 gratior,
1136 1978 1213 2073 spes
1233 1998 1353 2061 autem

271 2080 460 2158 'destitute
475 2082 554 2177 plus
567 2075 714 2151 doleat?
739 2076 814 2151 Nili
829 2076 928 2151 forte
943 2077 1167 2170 poscentium
1180 2084 1352 2160 voluntas

286 2183 367 2258 sola
382 2183 442 2256 fibi
464 2178 669 2254 adulatione
685 2174 937 2269 spondentium
952 2178 1164 2256 blandiatur.
1243 2245 1246 2252 ,
1334 2189 1337 2196 ’

393 2299 446 2375 13.
475 2278 749 2353 Recordandum
759 2277 866 2373 igitur
876 2276 939 2371 est,
958 2278 1244 2372 propositionem
1254 2299 1353 2355 cont·

285 2383 485 2479 parationis
500 2377 596 2453 istius
614 2398 659 2452 ex
677 2396 724 2451 eo
739 2375 903 2451 sermone
920 2373 1145 2468 descendere,
1172 2379 1230 2473 qui
1241 2380 1352 2455 initus
1412 2428 1414 2432 -

284 2484 330 2561 fit
347 2485 391 2556 de
406 2482 566 2576 Joanne,
594 2494 634 2550 ιιι
648 2475 869 2551 infidelitatis
886 2477 1168 2572 condictionem,
1195 2480 1229 2552 dt
1248 2501 1293 2551 cx
1309 2502 1352 2565 ea

281 2582 417 2659 blentii
434 2578 672 2655 necellitatem
684 2572 882 2651 istiusmodi
900 2576 1052 2670 positum
1068 2579 1278 2675 obiurgaret
1291 2602 1353 2654 ex.

285 2684 458 2775 emplum.
511 2678 580 2751 Sed
598 2679 686 2751 sicut
700 2677 736 2749 in
755 2677 885 2751 ceteris
900 2676 1162 2769 admonuimus,
1187 2680 1246 2752 hic
1261 2700 1352 2772 qno·
1379 2684 1386 2693 ‘

279 2803 361 2876 ,que
378 2774 569 2853 meminisse
582 2798 650 2851 nos
664 2790 827 2870 oportet,
853 2775 983 2849 rationi
999 2796 1116 2851 rerum
1128 2775 1351 2873 presentium

284 2879 421 2970 aliquid
440 2878 617 2951 interdum
639 2899 679 2950 ea
697 2877 910 2949 conditione
925 2874 1061 2971 deesse,
1086 2876 1354 2955 utfuturorum

280 2979 423 3076 species
447 2976 519 3051 fine
545 2977 674 3050 damno
691 2978 810 3065 aliquo
829 2971 1059 3072 praefiguratae
1074 2975 1272 3052 effitientiae
1291 2999 1353 3052 ex·
1374 3024 1384 3041 =

284 3082 438 3175 plentur.
498 3075 634 3150 Primus
662 3073 713 3148 est
731 3071 845 3158 filius,
877 3079 1033 3168 populns
1052 3097 1098 3150 ex
1117 3076 1295 3152 Pharisaeis
1311 3081 1350 3154 in

283 3174 439 3276 praesens
457 3198 477 3251 s
493 3176 576 3249 Deo
593 3195 657 3266 per
671 3176 818 3270 Joannis
836 3176 1077 3268 prophetiam,
1101 3192 1144 3249 ut
1162 3181 1352 3273 preceptio

283 3277 358 3355 suis
377 3281 666 3369 obtemperaret,
701 3276 917 3349 admonitus.
980 3272 1052 3347 Hic
1069 3274 1224 3350 insolens
1245 3277 1279 3350 dt
1298 3279 1351 3351 in·

281 3377 487 3468 obediens,
525 3377 559 3447 dc
575 3373 674 3447 ditiis
700 3372 928 3466 presentibus
946 3390 1145 3448 contumax
1161 3376 1251 3467 fuit,
1288 3378 1350 3451 ba·

275 3482 376 3557 bens
398 3477 437 3549 in
461 3476 542 3571 lege
567 3471 752 3566 fiduciam,
786 3471 819 3544 dt
843 3474 1089 3566 poenitentiam
1112 3490 1351 3566 peccatorum

272 3579 400 3679 gloria
415 3575 661 3670 praerogativae
676 3593 722 3644 ex
738 3574 916 3646 Abraham
931 3574 1130 3646 nobilitatis
1142 3572 1347 3666 aspernans:

274 3678 347 3770 qui
372 3675 540 3766 deinceps
566 3693 717 3766 operum
731 3674 908 3746 miraculis
926 3671 1006 3766 post
1030 3673 1178 3746 Domini
1196 3673 1348 3746 resurre-

275 3776 442 3851 stionem
459 3775 634 3867 poenitens
651 3769 711 3844 sub
729 3770 912 3864 Apostolis
933 3769 1097 3862 credidit,
1124 3768 1203 3844 iasii
1220 3769 1290 3847 fide
1303 3776 1349 3846 ad

271 3875 516 3949 voluntatem
532 3873 747 3966 evangelice
761 3874 985 3962 operationis
1002 3868 1173 3966 regressus
1193 3873 1347 3947 anterio·

271 3973 390 4053 tioris
406 3969 603 4053 insolentie
622 3973 761 4065 culpam
777 3972 989 4066 penitendo
1006 3968 1185 4045 confessos
1201 3971 1262 4047 est.

1161 4189 1222 4259 ιι..
1240 4167 1303 4240 nt·
