3317 4900
461 404 1228 499 C'omuauraarustuMarnnuu.
1304 437 1375 511 441
1442 503 1446 510 ,

311 585 413 676 rita,
444 580 802 674 profecti-quondam
820 599 885 669 per
903 574 1127 652 seceffionem
1145 599 1192 652 ex
1210 581 1309 676 lege,
1344 581 1383 658 &-

313 684 378 759 sub
395 681 542 774 quadarn
556 673 795 754 observantiae
809 680 877 753 suae
893 677 1378 758 consuetudineservientest
1398 712 1400 721 Α

314 797 420 859 erant
439 781 545 857 etiarn
559 797 684 877 gentes
703 780 888 854 indomito
910 777 944 850 dt
964 778 1119 852 feroces.
1175 779 1287 876 igitur
1303 784 1384 858 duo·

314 885 526 973 mittuntur,
554 897 595 953 ut
612 879 775 953 solveant
793 880 924 976 ligatos
948 879 981 952 dr
1002 877 1205 970 obstrictos,
1232 878 1380 956 &erro-

314 984 364 1056 ris
382 999 489 1073 atque
508 982 720 1077 ignorantie
738 980 892 1053 vinculis
913 977 1147 1071 praepeditos:
1184 980 1396 1056 &mittun··

317 1098 378 1155 tur
401 1095 503 1155 extra
519 1077 732 1176 Jerusalem
766 1093 868 1151 extra
892 1100 968 1151 eam
990 1082 1082 1150 enim
1105 1080 1158 1152 hae
1176 1079 1253 1151 due
1268 1102 1380 1156 voca·

317 1186 439 1255 tiones
454 1182 687 1255 habebantur.
739 1176 908 1252 Ceterum
923 1193 1036 1252 mater
1047 1175 1203 1253 tiliorum
1214 1180 1380 1259 Zebedaei

272 1315 279 1362 t
316 1283 412 1355 intra
430 1277 620 1376 Jerusalem
630 1277 825 1353 Dominum
841 1279 979 1352 oravit:
1005 1279 1141 1352 duabus
1158 1282 1250 1354 enirn
1271 1302 1380 1356 voca·

272 1416 284 1464 ι
318 1382 481 1454 tionibus
499 1380 609 1454 lsrael
628 1380 688 1452 vel
708 1399 771 1470 per
795 1376 1019 1471 Apostolos,
1046 1381 1106 1451 vel
1122 1400 1186 1472 per
1200 1380 1380 1476 Joannem

272 1517 287 1566 2
319 1502 366 1556 ex
381 1483 459 1577 lege
474 1479 640 1553 salvatur.
692 1478 946 1568 Verumaeque
967 1499 1037 1580 per·
1047 1477 1248 1573 Philippum
1265 1483 1391 1558 Sama·-

272 1617 288 1666 ς
318 1582 389 1654 rita
417 1579 588 1667 credidit
627 1598 691 1671 per
715 1575 860 1651 Petrum
884 1593 1001 1651 autem
1029 1577 1218 1655 Cornelius
1237 1580 1380 1658 Christo

272 1702 291 1769 ,2
318 1695 498 1774 tamquam
516 1679 680 1773 primitia
698 1679 855 1772 gentium
874 1676 1042 1751 adductus
1064 1677 1125 1755 est.
1187 1681 1300 1779 Quod
1324 1704 1383 1755 au·

272 1820 292 1870 u
319 1795 395 1855 tern
424 1777 665 1871 instruuntur,
712 1789 753 1848 ut
776 1778 948 1868 querenti
965 1775 1204 1868 respondeant
1221 1780 1383 1859 Domino

272 1923 294 1998 ῃ
319 1878 680 1956 necessariostrmox
690 1878 941 1969 remittendos,
968 1876 1075 1970 idest,
1101 1900 1166 1952 eos
1177 1879 1272 1973 ipsos
1284 1886 1385 1981 genti

272 2022 295 2075 ,ἰ
321 1977 392 2053 suaa
407 1978 657 2071 predicatores
667 1974 1276 2073 fideievangelicaeeffereddendos.
1318 1982 1387 2058 lm·

273 2086 294 2178 ε’
320 2080 421 2174 pieta
435 2078 541 2173 igitur
558 2075 609 2151 est
622 2077 824 2170 prophetia,
853 2076 1381 2175 quaeinvectumasmasrpulto

272 2225 296 2277 [ρ
321 2198 430 2252 novo
456 2176 653 2250 Dominum
689 2192 881 2249 venturum
905 2179 940 2249 in
965 2176 1156 2269 Jerusalem
1184 2186 1382 2261 nuntiabat.

293 2261 305 2344 '.
319 2276 393 2351 Sed
411 2274 590 2371 gestorum
608 2272 792 2350 effectibus
801 2278 1049 2368 prophetatur.
1100 2277 1385 2377 Atinanamque,

272 2434 297 2457 .
324 2397 404 2470 quar
422 2377 466 2450 de
481 2379 567 2449 vico
586 2375 757 2468 solvitur,
791 2390 898 2467 atque
919 2376 1129 2471 exhibetur,
1156 2379 1310 2454 Samaria
1331 2383 1385 2456 vi.

324 2474 1180 2571 delicetalieno&peregrinoobselladominatu,
1208 2481 1387 2575 percipo·

321 2575 614 2667 stolossolvitur,
635 2574 1093 2654 &Dominosuoredditur
1143 2578 1384 2657 Pullumvero

324 2676 422 2751 idem
450 2674 628 2749 Dominus
652 2674 828 2766 ascendit,
868 2677 1077 2769 novellum,
1115 2695 1386 2775 contumacem,

272 2800 298 2847 ι
323 2775 473 2850 durum:
499 2789 606 2866 atque
619 2775 696 2848 haec
709 2775 829 2849 omnia
842 2777 1202 2872 gentiliaignorantiae
1218 2782 1306 2854 vitia
1323 2782 1387 2855 do·

272 2904 298 2949 a
321 2876 520 3050 ginasntur,
547 2875 580 2948 tr
597 2888 656 2949 tot
669 2876 862 2950 animarum
877 2874 1084 2952 ferocitates
1100 2877 1219 2952 vectio
1238 2879 1321 2955 Deo
1336 2883 1386 2956 fa·

364 2997 392 3048 ae
429 2989 505 3050 unt

429 3097 463 3152 a.
490 3073 617 3150 Omnis
636 3088 755 3148 autem
782 3075 859 3149 hac
882 3071 1016 3168 species
1031 3074 1142 3149 futuri
1159 3078 1320 3154 ordinem
1336 3094 1389 3154 te·

272 3157 298 3267 ’ξ
323 3186 411 3250 nat:
443 3175 707 3267 &parabolicis
726 3172 1062 3270 significationibus,
1094 3196 1283 3271 rerumque
1303 3202 1388 3270 pra·

286 3276 298 3304 ¹
325 3270 480 3349 sentium
507 3274 806 3357 conditionibus,
844 3275 972 3347 futuris
1004 3277 1122 3350 forma
1148 3281 1384 3369 premittitur.

272 3354 298 3404 ²
322 3368 410 3450 Erit
432 3373 527 3447 eninr
546 3373 726 3448 Dominus
746 3375 783 3447 in
803 3375 973 3447 claritatis
995 3373 1062 3448 suae
1084 3376 1244 3450 adventu
1264 3394 1389 3473 gentes

325 3471 534 3571 posfidensr'
549 3492 741 3563 earumque
764 3475 943 3547 mentibus
969 3476 1294 3565 tamquamyettor
1315 3479 1389 3550 insr·

272 3552 290 3603 ι’
327 3572 436 3664 dena,
452 3587 546 3665 toto
569 3575 760 3648 comitatus
774 3571 823 3646 sui
842 3575 980 3669 agmine
992 3576 1254 3671 praedicabitur,
1270 3576 1391 3651 ‘Patri-

272 3654 291 3749 ῗ
331 3672 541 3767 archarum,
567 3672 828 3766 Prophetarum
844 3689 952 3766 atque
970 3673 1245 3767 Apostolorum.
1295 3675 1391 3752 Nam

272 3754 285 3869 ξ
330 3772 484 3871 gloriam
501 3767 645 3847 suamin
670 3773 889 3849 vestimentis
905 3773 1116 3847 Patriarcbae
1137 3774 1300 3848 Domino
1315 3773 1391 3850 sub-

276 3876 283 3899 *
327 3873 512 3950 sternunt:
543 3893 668 3949 eorum
686 3877 778 3948 enim
799 3874 831 3945 δι
850 3874 1161 3968 generationibus,
1189 3875 1391 3949 &nomini
1413 3906 1417 3915 ⁴

272 3954 278 4007 ²
329 3977 416 4067 bus,
442 3971 770 4047 &insectationibus
781 3971 831 4046 est
842 3973 1020 4046 Dominus
1033 3975 1281 4068 prophetatus.
1333 3972 1394 4046 Ei·

272 4054 278 4165 j'
332 4094 407 4171 que
421 4075 521 4153 omni
533 4073 712 4175 dignitatis
725 4072 1200 4243 suaessmatucoucedentea
1223 4070 1394 4252 squfise'

273 4186 274 4193 ‘
845 4194 908 4265 es
1308 4178 1343 4254 'i
1384 4260 1387 4265 ,
