3317 4900
404 391 688 540 Tenemus
713 385 1241 530 ebertramnum.
1316 473 1364 546 55

292 614 331 688 in
350 611 611 686 cucumerario.
675 609 750 704 Jam
773 629 862 706 ergo
876 610 992 683 inanis
1010 608 1062 684 eii
1079 609 1214 694 sermo,
1245 615 1361 690 inania

292 712 344 788 est
362 711 568 803 Propheta,
594 710 652 801 qui
675 710 861 786 addiderit.
912 716 1044 782 Montes
1059 716 1095 779 in
1114 717 1251 783 circuitu
1270 718 1360 810 rjus,

289 812 330 891 D*
357 817 520 884 Dominus
540 815 729 880 incircuitu
746 812 855 906 populi
865 810 923 898 sui
940 836 979 882 ex
993 811 1052 880 hoc
1069 835 1174 898 nunc,
1207 814 1245 887 D
1262 839 1359 910 usque

290 920 331 985 in
342 913 496 1002 sculum..
540 909 728 1004 Jerusalem
746 907 870 982 eversa
888 910 951 1000 est,
979 912 1104 1002 populi
1119 912 1194 1001 ejus
1212 911 1359 988 extincti

291 1013 389 1105 sunt,
416 1010 572 1102 reliquiae
587 1011 662 1102 ejus
679 1009 842 1103 diffipatae
856 1008 953 1082 sunt:
979 1012 1089 1104 bodie
1103 1010 1140 1082 in
1153 1031 1194 1083 ea
1210 1032 1285 1086 non
1299 1013 1359 1087 ha·

290 1114 448 1198 bitatur3
475 1129 549 1183 non
563 1107 741 1200 sacerdos,
770 1130 845 1184 non
864 1111 1055 1206 propbeta,
1080 1130 1155 1182 non
1175 1113 1356 1205 princeps3

290 1211 354 1286 sed
374 1209 443 1303 ipsa
462 1210 617 1300 obtrita,
654 1206 811 1302 deserta,
846 1210 917 1282 stne
936 1208 1051 1281 frudlu
1073 1208 1133 1284 est.
1198 1208 1247 1281 Et
1270 1231 1359 1303 quo-

290 1311 404 1387 modo
425 1309 606 1382 habitator
620 1310 695 1399 ejus
707 1330 782 1381 non
798 1311 1091 1382 commovebitur
1105 1311 1142 1381 in
1157 1309 1358 1386 aeternums

290 1410 342 1484 Et
360 1409 539 1482 Dominus
558 1409 593 1480 in
613 1410 764 1480 circuitu
779 1411 905 1501 populi
923 1411 998 1499 eius
1017 1431 1062 1484 ex
1081 1410 1156 1483 hoc
1171 1430 1289 1501 nunc,
1323 1410 1359 1484 dc

291 1531 406 1600 usque
422 1510 458 1581 in
477 1505 658 1581 seculum?
686 1506 783 1602 Ergo
803 1529 881 1581 non
901 1508 1020 1600 potest
1041 1510 1085 1581 de
1107 1531 1149 1580 ea
1163 1511 1358 1605 propheta·

291 1624 367 1684 tum
388 1607 528 1699 videri,
563 1627 671 1699 aqua
686 1606 886 1698 prophetie
902 1611 1036 1680 veritas
1056 1608 1237 1692 diffidebit.
1296 1608 1358 1683 Sc·

290 1729 405 1800 quens
422 1708 530 1803 igitur
547 1704 619 1800 est,
645 1720 687 1779 ut
704 1725 920 1800 queramus,
946 1708 982 1779 in
1000 1728 1092 1799 quos
1111 1707 1287 1783 ditiorum
1305 1729 1357 1783 ra·

259 1887 262 1894 ,
292 1812 347 1883 tio
369 1803 597 1880 conveniat?
1220 1810 1222 1814 ’

395 1928 428 1998 3.
452 1904 500 1976 Et
512 1906 652 1996 quidem
662 1905 813 1997 primum
825 1903 1179 1979 animadvertendum
1191 1906 1254 2001 est,
1280 1925 1358 1982 nou

293 2006 441 2080 alterius
455 2006 603 2094 montis,
629 2024 731 2094 quam
742 2004 844 2095 Sion,
868 2002 993 2077 fodiam
1008 2006 1239 2079 mentionem.
1290 2005 1360 2078 Le·

295 2108 410 2204 gimus
430 2103 523 2175 enim
540 2119 702 2175 montem
723 2102 792 2178 else
810 2104 961 2179 Domini
985 2103 1019 2175 dr
1039 2100 1209 2197 Choreb,
1244 2125 1357 2194 usque
1382 2160 1385 2164 -

296 2205 340 2277 ad
357 2224 462 2296 quem
480 2203 630 2293 primum
647 2201 796 2293 Moyses
813 2224 893 2277 cum
907 2205 1018 2276 multa
1032 2200 1175 2292 obisset,
1202 2203 1358 2278 accessit:

296 2302 368 2377 else
386 2303 598 2376 &montem
615 2301 765 2374 Domini
782 2302 884 2381 Sina,
910 2305 946 2376 in
961 2323 1034 2393 quo
1052 2305 1193 2397 populo
1207 2304 1268 2375 lex
1278 2301 1360 2376 scri·

294 2420 358 2498 pta
381 2404 432 2477 stt.
491 2397 553 2476 Est
569 2400 601 2473 u
617 2400 705 2474 Sion
726 2420 830 2475 mons
848 2400 1137 2495 superimminens
1156 2399 1359 2496 Jerusalem.

296 2503 367 2576 Sed
388 2504 469 2595 quia
490 2504 527 2574 in
551 2502 649 2573 hunc
673 2515 834 2575 montem
856 2503 1056 2595 prophetiae
1076 2503 1194 2576 nullus
1216 2499 1266 2573 est
1288 2499 1360 2574 sru-

298 2600 389 2691 uus,
414 2601 608 2674 videndum
626 2599 690 2691 est,
715 2601 798 2691 quid
812 2601 848 2674 in
866 2616 992 2675 monte
1010 2601 1159 2697 intelligi
1177 2610 1359 2694 oporteat.
1380 2676 1385 2703 Ι,

268 2698 349 2772 ·Et
373 2701 543 2772 habemus
572 2701 746 2791 optimum
777 2700 1020 2795 intelligentie
1046 2701 1174 2774 ducem
1207 2699 1360 2774 Esaiam.

296 2799 393 2872 Nam
413 2819 492 2871 curn
514 2799 670 2890 superius
687 2813 849 2874 montem
869 2798 1016 2872 Domini
1035 2797 1210 2873 excelsum
1232 2794 1360 2894 signifi·
1392 2820 1394 2828 ·

298 2897 420 2976 callet,
446 2898 488 2970 ad
509 2919 611 2986 quem
625 2912 754 2993 ¹gentes
775 2912 937 2972 venture
959 2897 1083 2991 essent,
1111 2899 1180 2972 ait:
1205 2896 1360 2990 Propter

298 3000 372 3073 hoc
400 2998 446 3071 src
472 2998 559 3069 dicit
586 2998 779 3071 Dominus:
818 2999 918 3070 Ecce
944 3000 1049 3071 mitto
1073 3000 1111 3071 in
1131 2998 1361 3073 fundamenta

298 3098 386 3170 Sion
404 3098 555 3188 lapidem
576 3100 806 3190 praeclarum,
833 3096 1007 3178 neeman,
1034 3099 1256 3193 angularem,
1282 3117 1358 3189 pre·

297 3195 427 3270 tiosum
444 3200 480 3269 in
506 3196 733 3271 fundamenta
753 3199 848 3288 ejus3
875 3199 907 3268 u
926 3199 984 3285 qui
1003 3197 1193 3271 crediderit
1212 3201 1248 3288 in
1265 3215 1361 3287 eum,

298 3316 375 3370 non
396 3295 651 3370 confundetur.
704 3295 752 3367 Et
767 3318 842 3368 non
860 3299 1059 3388 ambiguum
1076 3295 1126 3369 est
1142 3294 1361 3391 Apostolum

299 3395 586 3484 fundamentum,
614 3394 788 3468 Christum
810 3393 1033 3492 significasse3
1058 3415 1122 3489 per
1141 3394 1238 3487 quod
1257 3396 1363 3465 beata

298 3496 361 3568 illa
383 3495 550 3568 dominici
573 3496 738 3587 corporis
764 3492 940 3584 Ecclesia,
975 3496 1074 3587 cuius
1092 3495 1362 3568 fundamentum

303 3590 535 3686 estChristus,
561 3591 1090 3688 significarivideturinmontc.
1140 3589 1363 3686 Quamidem

302 3688 503 3782 Apostolus
521 3691 757 3786 &Jerusalem
768 3709 966 3785 nuncupat,
993 3694 1133 3767 dicens:
1161 3694 1252 3788 Quae
1267 3708 1367 3761 nunc

303 3789 356 3864 est
379 3790 567 3883 Jerusalem
576 3823 589 3874 5
626 3792 659 3864 δι
686 3791 797 3864 servit
822 3814 902 3866 cum
928 3790 1009 3865 liliis
1034 3791 1118 3866 suis:
1157 3810 1199 3863 ea
1223 3802 1363 3879 autem,

306 3910 384 3982 quae
403 3888 531 3964 sursum
553 3891 603 3964 est
617 3893 828 3986 Jerusalem,
860 3892 970 3967 libera
991 3890 1061 3982 est,
1088 3910 1164 3981 quae
1187 3886 1237 3962 est
1251 3902 1365 3965 mater

303 3990 438 4064 nostra.
501 3990 684 4065 Habemus
712 4011 799 4086 ergo
814 4006 975 4065 montem
991 3990 1081 4062 Sion
1104 3989 1271 4070 Domini,
1306 3987 1368 4059 hae

305 4092 432 4165 bemus
465 4088 700 4201 &civitatem
717 4088 1022 4263 DeiIJJerusalem:
1054 4088 1260 4167 &nominis
1280 4085 1371 4159 Sion

866 4212 891 4282 4
1211 4189 1322 4260 intet-

772 4404 780 4443 l
