3317 4900
309 485 385 558 424
617 451 684 531 'S.
734 453 1051 534 lirense

313 623 377 702 nisr
402 615 569 696 reversos
592 618 630 691 in
653 629 815 690 naturam
836 637 1038 714 puerorum
1065 621 1239 696 introire
1256 642 1385 720 regnum

316 723 489 798 coelorum
500 717 676 792 Dominus
691 717 814 808 docet,
839 717 951 810 idest,
977 721 1015 792 in
1030 719 1384 818 simplicitatenpue

315 824 418 896 rilem
433 821 523 892 vitia
532 836 726 911 corporum
739 815 943 893 nostrorum
953 820 1171 914 animeque
1181 824 1381 899 revocante

316 919 455 996 Pueros
475 933 614 1010 eutem,
641 918 829 990 credentes
849 937 975 992 omnes
991 939 1063 1012 per
1082 921 1382 998 audientiaefideu

317 1019 554 1112 nuncupavit.
622 1017 670 1090 Hi
694 1019 786 1089 enim
809 1031 946 1110 patrem
973 1019 1217 1112 lequuntur,
1257 1039 1382 1097 manen

320 1131 453 1209 ament,
480 1117 649 1210 proximo
665 1118 760 1188 velle
779 1119 910 1192 malum
924 1117 1112 1204 nesciunt,
1142 1143 1273 1198 curem
1293 1143 1380 1216 opuu

320 1221 524 1314 negliguntr
551 1237 626 1290 non
642 1213 871 1309 insolescunt,
896 1237 973 1290 uon
992 1219 1185 1314 oderunt,
1212 1244 1292 1297 nou
1308 1245 1400 1296 men·

320 1320 481 1409 tiuntur,
517 1315 615 1388 diffie
632 1316 807 1408 credunt,
844 1317 901 1406 dr,
934 1319 1035 1410 quod
1061 1323 1254 1415 audiunt,
1279 1343 1379 1397 veruu

321 1419 467 1492 habent.
518 1412 566 1486 Et
583 1415 659 1490 hec
675 1416 834 1488 omniurn
852 1415 1086 1492 affectionum
1104 1422 1272 1496 assumta
1285 1424 1320 1496 iu
1335 1443 1378 1494 no

322 1519 379 1592 bis
404 1512 695 1606 &consuetude
721 1515 955 1596 &voluntas
982 1519 1172 1594 coelorum
1195 1523 1270 1596 iter
1289 1523 1377 1618 perri

322 1637 382 1692 um
399 1613 548 1707 prestat.
599 1611 874 1689 Revertendum
890 1617 997 1710 igitur
1007 1615 1063 1688 est
1074 1619 1127 1692 ad
1136 1621 1374 1715 simplicitatem

323 1713 532 1790 infantium:
566 1715 648 1804 quia
667 1715 702 1786 in
727 1735 768 1785 ea
784 1716 977 1808 collocati,
1008 1713 1179 1812 speciem
1196 1721 1371 1798 humilitatis

324 1815 512 1889 dominicae
531 1814 833 1888 circumferemus.

424 1935 455 1987 a.
480 1914 516 1984 Si
529 1915 586 2004 qui
601 1929 719 1986 autem
729 1915 765 1985 in
777 1910 902 1986 Christi
911 1915 1062 1988 n'omine
1071 1917 1175 1993 tales
1184 1921 1370 2016 receperint

327 2011 456 2086 Christi
484 2014 623 2106 recepti
647 2014 824 2106 premium
849 2012 1138 2103 consequentur.
1203 2025 1281 2116 Qui
1299 2037 1371 2092 aera

320 2114 596 2208 scandalizaverit
614 2137 714 2182 unum
731 2114 765 2182 de
774 2111 892 2208 perfidis
908 2115 987 2210 illis,
1012 2114 1138 2206 idest,
1166 2124 1233 2212 qui
1252 2119 1372 2196 offendi

326 2216 446 2288 culum
465 2214 676 2287 tentationis
691 2213 874 2306 intulerit,
905 2215 1026 2309 expedit
1045 2221 1095 2303 ei,
1134 2238 1178 2291 rer
1193 2222 1374 2318 {respuam

326 2316 409 2386 nola
431 2313 569 2408 asinaria
594 2317 630 2382 in
655 2315 724 2382 rolla
746 2316 832 2410 ejus,
871 2311 911 2388 dl
927 2317 1132 2409 demergatur
1151 2325 1195 2391 in
1210 2323 1374 2418 profunde!

326 2419 437 2488 maris.
488 2411 524 2484 ‘l'
526 2427 567 2484 ot
579 2426 757 2503 tantaque
771 2433 827 2487 res
840 2433 916 2487 non
927 2413 1046 2488 otiose
1063 2436 1298 2514 comparate
1309 2421 1375 2495 suut:

328 2514 363 2587 u
387 2515 506 2595 mole,
543 2513 576 2584 ἂ
596 2513 759 2604 asinaria,
794 2514 923 2586 &curn
939 2536 981 2586 ea
996 2515 1033 2586 in
1048 2520 1145 2590 mari
1165 2524 1375 2619 mergendo,

327 2614 362 2685 dr
381 2614 453 2685 hoc
473 2614 505 2685 ei
524 2612 727 2702 expediens.
780 2611 969 2687 Communi
990 2618 1162 2691 omnium
1185 2619 1304 2713 sensu,
1322 2622 1377 2693 len

327 2735 392 2806 per
412 2712 510 2801 quod
525 2713 683 2802 expedit,
709 2715 797 2784 utile
814 2712 875 2787 est.
929 2714 1024 2810 Quid
1038 2737 1132 2810 ergo
1155 2724 1324 2795 utilitatis
1337 2717 1377 2806 eu

327 2814 424 2889 mola
440 2811 582 2883 asinaria
596 2813 694 2882 collo
710 2809 871 2904 suspensa
882 2812 1065 2909 demergi?
1090 2816 1213 2893 Mors
1229 2824 1377 2897 enimtm

328 2913 447 3008 gravis
464 2908 632 3002 proficiet
649 2911 691 2981 ad
707 2934 861 3004 poenem:
890 2912 921 2983 dt
944 2911 1086 3003 nescio,
1118 2925 1322 3011 quomodo
1336 2921 1377 2992 erit

327 3013 430 3102 utile,
457 3011 492 3082 id
510 3025 694 3104 expetere,
721 3012 817 3100 quod
837 3014 998 3084 ultimum
1019 3012 1060 3085 srt
1079 3020 1286 3096 malorum.
1314 3015 1379 3122 Quid

329 3133 418 3205 ergo
442 3109 561 3182 sentiri
578 3126 762 3201 oporteat,
790 3112 1015 3200 quaerendurn
1035 3110 1097 3188 est.
1159 3118 1285 3195 Molee
1301 3139 1379 3212 opus,

327 3213 432 3284 labor
457 3208 506 3281 est
535 3212 724 3282 caecitatis:
761 3233 842 3283 nam
865 3211 985 3284 clausis
1001 3215 1270 3302 jumentorum
1294 3219 1380 3293 oculis

330 3324 482 3404 aguntur
503 3311 538 3380 in
550 3329 688 3403 gyrum.
742 3307 790 3380 Et
807 3308 866 3380 sub
883 3311 963 3382 asini
978 3311 1122 3399 quidem
1139 3323 1315 3411 nomine,
1338 3318 1379 3390 ire

323 3424 483 3505 ¹quenter
497 3423 621 3502 gentes
637 3413 908 3503 cognominatas
922 3412 1135 3502 reperimus.
1193 3418 1315 3514 igitur
1326 3438 1382 3513 ger·

329 3526 405 3599 tes,
433 3508 530 3598 quod
548 3525 679 3602 agunt,
705 3509 883 3582 nesciunt:
911 3509 944 3581 u
961 3513 996 3581 in
1013 3511 1097 3580 vitae
1113 3511 1191 3586 suae
1214 3539 1332 3611 opere
1347 3519 1383 3588 de

329 3621 461 3697 tentae,
488 3611 571 3678 caeci
588 3610 720 3680 laboris
740 3611 941 3701 ignorantia
962 3610 1221 3691 continentur.
1278 3616 1403 3711 Judeisr

330 3722 449 3780 autem
464 3705 614 3778 scientiae
628 3710 695 3778 iter
707 3709 743 3779 in
755 3707 1038 3802 legepraestatum
1052 3708 1116 3784 est.
1176 3717 1256 3815 Qui
1272 3715 1383 3790 uchri
1399 3742 1403 3767 ι

328 3805 368 3878 sti
380 3804 877 3897 Apostolosscandalizarent‚
904 3805 1403 3902 rediiusilligatacollomoir!

330 3906 474 3977 asinaria
491 3906 634 3979 demersi
650 3908 685 3978 in
706 3926 801 3979 mare
818 3906 980 3998 fuissent,
1016 3907 1049 3978 id
1066 3910 1145 4000 est,
1177 3920 1338 4009 gentium
1350 3912 1402 3991 lei

328 4007 421 4077 bore
438 4004 583 4097 depreffi
604 4009 640 4079 iu
653 4007 854 4100 ignorantia
869 4005 973 4078 seculi
994 4006 1298 4087 demorarentur:
1322 3996 1402 4104 quit'

326 4104 395 4176 illis
424 4105 647 4178 tolerabilius
669 4105 777 4177 fuerit
799 4102 943 4180 noscille
964 4104 1168 4204 Christum,
1206 4136 1313 4207 quam
1327 4108 1379 4184 nus

287 4203 674 4326 ‘ophetarum'non
691 4203 872 4302 recepisse.
1234 4236 1269 4307 3.
1299 4219 1346 4289 Va
