3317 4900
346 489 475 578 axuart
581 467 789 551 Suu-aran.
813 453 971 548 Carta-a
995 489 1185 550 conatu.

298 674 300 678 ·
351 641 421 716 eit:
452 633 572 725 nequa
596 622 881 725 „consociatam
895 629 1036 727 spiritus
1062 632 1167 730 (five
1186 632 1416 735 divinitatis)

351 759 388 836 dt
409 751 607 831 substantio
634 748 702 825 siro
717 753 909 828 aeternitati
925 756 1109 829 materiem
1122 753 1265 828 aasumti
1284 775 1418 849 corpo·

349 882 401 958 aia
419 878 457 951 in
471 874 600 947 celum
614 872 752 948 retulit
762 874 791 920 “
841 869 1053 955 Continuo,
1078 888 1121 947 ut
1139 876 1302 967 loquitur
1318 877 1415 953 Hila-

256 1068 260 1074 .
348 999 425 1074 aina
445 994 569 1092 fragm.
591 996 633 1070 6>
656 991 811 1086 „homo
835 990 948 1066 iadioa
976 992 1028 1068 est
1052 992 1165 1072 Deua.
1225 995 1417 1089 superavit

349 1119 447 1206 enim
470 1111 681 1210 magnitudo
706 1111 856 1187 Domini
870 1116 1086 1205 parvitatem
1099 1113 1239 1189 servilia
1261 1095 1414 1208 formata

348 1237 401 1318 ita
415 1249 458 1310 nt
477 1233 550 1328 ipsa
566 1230 702 1307 servilia
720 1233 840 1324 forma
857 1230 1005 1306 oeffarat
1020 1232 1090 1308 aiio
1102 1231 1239 1308 servilia
1252 1255 1318 1329 per
1330 1257 1413 1318 euna

347 1355 568 1446 Dominum,
594 1354 751 1444 quieanr
767 1339 972 1426 aasunfit“

238 1493 242 1509 ·
362 1525 364 1530 -
450 1474 523 1573 Qui
547 1474 635 1544 hom
652 1470 766 1565 fatias
792 1477 882 1545 Deus
906 1471 1157 1570 intelligituri.
1180 1469 1239 1547 Eo
1267 1471 1414 1569 prorsua

238 1645 241 1660 ·
347 1596 482 1680 modo,
507 1612 582 1685 quo
600 1589 764 1667 Verbum
780 1592 912 1667 dicitur
925 1616 995 1664 caro
1005 1590 1146 1686 fatiam.
1195 1591 1299 1667 Sicut
1318 1594 1414 1673 enirn

245 1779 253 1792 .,
346 1718 514 1792 Verbum
534 1733 619 1787 earo
639 1711 768 1790 uuum
790 1711 860 1806 est,
894 1732 976 1790 cum
997 1715 1091 1787 intra
1108 1714 1223 1786 carnia
1237 1713 1414 1789 humilita.

347 1851 424 1912 teor
440 1835 554 1909 Verbi
567 1835 682 1931 gioria
697 1834 854 1925 delituit,
878 1831 929 1905 ita
942 1832 976 1905 du
988 1831 1102 1908 homo
1112 1831 1283 1908 faiiuaest
1295 1832 1412 1928 Deua,

347 1977 430 2032 enm
446 1956 541 2028 intra
547 1953 663 2058 Verbi
679 1952 829 2051 gloriam
844 1948 1052 2029 abscondita
1066 1951 1117 2027 est
1125 1954 1241 2032 carnia
1249 1952 1413 2030 humano

344 2074 537 2173 humiliter.
575 2099 578 2106 ·
858 2144 860 2148 ,

446 2194 661 2290 Quanquam
680 2210 756 2266 non
771 2171 912 2285 desddt,
937 2189 997 2282 qui
1012 2191 1178 2288 proxima
1188 2190 1316 2267 Hilarii
1328 2209 1411 2265 ver·

305 2331 312 2340 ·
344 2317 393 2396 ira
415 2314 459 2390 ad
478 2313 626 2409 primam
645 2312 760 2386 carnia
772 2312 935 2386 mortalia
948 2306 1215 2405 susceptionem
1229 2312 1411 2406 referant,

259 2483 261 2489 ·
343 2437 461 2530 iisque
481 2445 612 2529 putent
630 2431 809 2507 rationem
830 2431 952 2524 reddi,
989 2432 1219 2528 curpropria
1246 2433 1410 2510 humana

259 2556 261 2560 ’
345 2554 477 2644 Christi
499 2567 636 2630 natura
660 2549 826 2646 persona·
839 2551 1006 2628 defuerit.
1067 2551 1219 2629 Athea
1244 2553 1311 2626 iilia
1332 2554 1411 2645 quia

345 2673 552 2755 concedat?
586 2673 676 2747 Non
707 2674 801 2746 enim
831 2673 879 2745 ibi
901 2670 1020 2746 servili
1042 2673 1169 2749 forme
1194 2670 1309 2748 deeffe
1331 2691 1413 2765 per·

326 2778 491 2890 ἵππω,
517 2792 576 2868 sed
593 2792 701 2886 ipsam
717 2792 870 2873 formam
887 2792 1017 2867 ceffare
1028 2794 1191 2869 servilem
1205 2791 1274 2869 effe
1287 2791 1410 2893 predi

342 2930 460 2997 eatur.
510 2912 691 3005 Seditqui
700 2910 876 2988 Christum
886 2916 1169 2990 carniamortaiis
1180 2913 1421 3008 susceptione.

343 3038 499 3127 trannin
511 3034 620 3128 forma
630 3035 717 3122 [nvi
731 3033 841 3124 dixit,
874 3035 910 3107 in
925 3031 978 3109 Ps.
1001 3054 1080 3126 143.
1097 3035 1129 3133 p.
1148 3056 1226 3126 10„
1253 3035 1336 3126 quia
1356 3035 1409 3109 ni«.

342 3156 473 3237 mirum
497 3154 615 3229 forma
639 3151 712 3226 Dei
733 3153 915 3227 exinanita
942 3175 1019 3228 non
1044 3171 1169 3229 extare
1197 3154 1406 3248 videretur,

342 3258 666 3362 niiiiorraaservi3
692 3274 822 3367 procui
835 3276 973 3368 aberat,
999 3288 1041 3348 ut
1054 3274 1205 3350 formam
1221 3274 1326 3368 ipfius
1339 3271 1407 3347 ser.

343 3399 456 3474 vilem
471 3408 560 3473 tuno
574 3394 750 3487 temporit
767 3391 908 3471 ceiiaiie
923 3393 1088 3471 servilem
1107 3395 1177 3471 effa
1190 3394 1372 3471 assereret.

393 3578 398 3585 .
439 3512 496 3593 Ea
511 3512 585 3608 ipsa
598 3513 764 3605 ratione,
791 3533 862 3604 qua
878 3508 1037 3588 Christus
1054 3531 1140 3587 roras
1155 3519 1192 3584 in
1200 3511 1416 3604 snmafiroi.

342 3635 494 3733 dieitur,
519 3634 604 3708 dum
626 3633 664 3705 in
683 3628 838 3707 assumto
859 3634 1006 3709 homino
1026 3631 1198 3707 Deuaest
1220 3631 1416 3711 abscondi-,2

304 3836 306 3842 ,
341 3766 430 3848 tua,
454 3753 585 3828 dieitur
606 3750 640 3823 ἃ
659 3766 746 3823 toras
761 3756 870 3839 Deus,
898 3774 980 3829 eum
995 3752 1165 3827 aasumtua
1180 3752 1295 3828 homo
1314 3753 1414 3829 assu..

340 3873 471 3963 mentia
485 3870 557 3947 Dei
570 3874 653 3947 luce
669 3872 703 3945 u
719 3874 835 3970 gloria
849 3871 997 3965 infusus,
1024 3892 1065 3947 ac
1080 3874 1310 3949 circumfusus
1326 3875 1414 3956 fuit„

342 3978 559 4093 Quanquam
582 3995 620 4067 in
636 4005 794 4086 utroque
809 3994 875 4068 illo
895 3990 987 4065 statu
1004 3993 1077 4070 hoc
1093 3994 1282 4072 discrimen
1298 4001 1415 4071 intare

254 4134 259 4140 ·
340 4114 462 4213 cedit,
497 4112 596 4206 quod
614 4110 717 4191 Deua
737 4098 1017 4190 abstondituain
1035 4115 1183 4192 homine
1197 4119 1405 4196 immutatur

1253 4255 1352 4309 nran-
