3317 4900
320 431 402 510 πο,
656 411 694 494 8.
744 411 1072 516 Ηιιηιι,
1228 401 1231 408 ’

323 577 527 660 meminerit
542 588 777 670 coeternum,
802 589 984 666 tamquam
1001 575 1046 649 de
1061 573 1187 652 futuro
1202 573 1405 656 confidens

326 682 394 754 sit:
420 677 571 751 Laudabo
588 681 763 748 Dominum
775 681 812 746 in
824 680 897 746 vita
911 700 990 750 meo.
1039 673 1131 750 Non
1146 678 1241 753 enim
1251 701 1299 751 ea
1312 681 1403 774 vita,

329 801 407 872 quae
430 797 526 851 nunc
551 774 601 850 est
624 797 688 871 per
704 772 927 849 infirmitates
944 775 1134 867 eorporis,
1169 774 1230 851 soa
1247 777 1324 853 est:
1360 784 1404 856 ab

329 879 446 954 Adam
473 897 625 968 namque
650 875 712 949 iste
729 876 857 968 erepit,
896 894 971 948 non
993 893 1073 950 corn
1096 874 1213 950 Adam
1228 879 1405 956 inchoate

330 976 404 1068 est,
439 998 542 1070 quarn
561 998 637 1049 non
660 977 793 1066 vitam,
825 972 885 1048 sed
901 987 1056 1048 mortem
1071 972 1165 1068 effe,
1198 974 1405 1069 Apostolus

330 1078 440 1152 novit
459 1077 598 1150 dicensr
624 1074 733 1148 Miser
756 1095 826 1170 ego
846 1075 980 1174 horno,
1006 1074 1084 1166 quis
1101 1097 1158 1148 me
1172 1077 1352 1152 liberabit
1362 1080 1404 1155 de

333 1198 492 1269 corpore
514 1176 640 1250 morsis
663 1175 781 1269 hujus.
832 1173 875 1247 ln
893 1173 961 1246 hac
976 1194 1065 1269 ergo
1083 1176 1160 1248 vite
1176 1173 1238 1249 sua
1254 1177 1402 1273 Deum,

333 1271 444 1370 ousiis
462 1273 888 1370 primuminhornineest,
914 1271 1252 1351 institutalaudrbit.
1309 1277 1403 1356 Tum

332 1379 445 1450 tertio
470 1397 516 1449 ne
537 1373 572 1447 in
589 1377 661 1447 hoc
676 1375 804 1448 eodem
822 1392 919 1446 nunc
934 1393 1092 1465 corpore
1107 1375 1332 1471 irreligiosus
1348 1402 1404 1454 ex·

332 1474 559 1565 immoretur,
587 1475 734 1564 adjecit:
765 1475 893 1562 Psaffam
911 1477 977 1544 Deo
990 1497 1065 1561 meo,
1089 1482 1315 1571 quamdiuero.
1367 1480 1412 1553 In

335 1577 433 1650 ornni
454 1591 571 1666 susem
587 1575 660 1647 hoc
679 1573 892 1646 Psalmorurn
911 1573 1029 1664 libro,
1061 1575 1098 1646 in
1113 1575 1240 1670 psaiaerr
1255 1579 1404 1674 reiigio-

334 1675 386 1750 sas
411 1675 643 1768 operationes
659 1676 825 1764 corporis
841 1671 1026 1767 significari
1038 1676 1288 1750 meminimus:
1326 1693 1404 1774 aptr

337 1775 371 1848 ἃ
390 1773 549 1847 consona
567 1774 736 1864 corporei
754 1790 875 1848 motus
897 1776 1072 1844 varietate
1086 1777 1265 1866 placituri.

437 1893 470 1966 3.
497 1871 581 1945 Post
602 1895 678 1965 quae
693 1872 814 1951 stultas
832 1873 1016 1944 hominurn
1036 1876 1250 1967 opiniones,
1289 1876 1327 1950 &
1340 1880 1405 1951 ina·

336 1993 401 2050 nes
423 1974 461 2045 in
483 1967 607 2070 regum
631 1975 835 2046 nominibus
857 1972 1072 2066 religiones,
1108 1994 1198 2065 quos
1219 1975 1287 2049 fibi
1307 1977 1405 2052 Deos

338 2074 530 2166 untiquiras
547 2069 675 2164 finxit,
702 2069 883 2166 redarguit
903 2071 1045 2145 dicens:
1073 2076 1406 2168 Nolirecorrfideraer'rr

333 2173 550 2276 principibus,
586 2177 624 2242 ἐπ
641 2169 724 2263 filiis
750 2173 932 2258 hominum,
968 2176 1007 2242 in
1028 2173 1138 2270 quibus
1159 2199 1226 2245 non
1249 2179 1295 2276 est
1309 2180 1407 2268 solus.

339 2272 454 2348 Exibir
473 2273 606 2372 spiritus
628 2297 742 2359 eorum,
769 2271 807 2346 θ
828 2288 1036 2343 revertentur
1051 2278 1087 2343 in
1103 2278 1351 2364 terromsuamr
1374 2283 1407 2350 irs

259 2393 264 2402 “
339 2375 395 2449 ilia
411 2375 462 2444 dre
471 2372 621 2470 peribunt
635 2397 738 2442 ornms
753 2377 958 2467 cogitationes
974 2396 1086 2444 eorum.
1109 2431 1115 2438 .
1139 2374 1409 2455 Confidereve·
1446 2415 1448 2427 ·

339 2476 409 2547 ruit
425 2476 461 2546 in
481 2474 636 2568 regibus.
688 2470 736 2544 Et
757 2476 885 2565 quibus
906 2473 1076 2568 regibus?
1104 2471 1275 2566 subjecit:
1308 2482 1357 2552 Er
1376 2486 1408 2550 irr

330 2576 436 2667 filiis,
470 2573 607 2664 inquit,
642 2572 817 2647 hominum.
870 2571 917 2643 Et
943 2575 1069 2663 quibus
1092 2571 1171 2646 filiis
1188 2576 1409 2653 hominum?

338 2673 452 2771 quibus
476 2697 542 2743 mn
565 2672 604 2768 esi
622 2673 721 2761 salus.
780 2672 828 2744 Et
852 2693 916 2744 cur
934 2671 1022 2744 salus
1043 2695 1118 2744 non
1134 2674 1195 2769 fir,
1230 2679 1408 2754 ostendit:

342 2774 461 2847 Exibit
483 2774 622 2863 spiritus
651 2798 774 2859 eorum,
811 2772 849 2847 (5
875 2799 979 2841 omnes
1000 2791 1207 2845 revertemur
1231 2783 1271 2848 in
1291 2799 1409 2851 terram

333 2874 435 2965 suem.
497 2870 546 2943 Et
570 2872 764 2943 reversuris
788 2876 823 2945 in
847 2887 976 2945 terram
995 2874 1078 2962 quid
1097 2875 1190 2945 eris?
1230 2882 1274 2948 ln
1293 2883 1344 2949 iia
1360 2884 1411 2949 dir

333 2972 488 3071 peribunt
504 2995 607 3040 onmes
621 2977 816 3063 cogitationes
838 2995 960 3055 eorum7·
994 2988 1172 3064 corruptae
1189 2977 1253 3066 ipss
1276 2980 1411 3051 scilicet

342 3070 509 3165 originis3
537 3073 617 3162 quia
639 3069 708 3142 effe
724 3070 785 3142 filii
804 3071 988 3143 hominurn
1007 3071 1262 3166 perstiterunt,
1292 3077 1411 3152 rrecfi·

341 3172 378 3247 lii
399 3170 467 3241 Dei
493 3168 562 3241 effe
585 3173 800 3243 voluerunt:
833 3171 961 3243 nuliius
988 3191 1132 3260 quoque
1149 3171 1293 3262 saiutis3
1335 3182 1411 3270 quir

342 3270 501 3343 exeunte
526 3267 670 3362 spirito,
709 3271 740 3341 δι
765 3272 948 3342 interram
968 3273 1183 3361 corporibus
1205 3275 1411 3371 dissolutis,

343 3370 586 3466 cogitationes
603 3390 727 3442 eorum
745 3391 934 3462 corporeae
955 3386 1061 3463 arque
1077 3387 1228 3447 terrenae
1244 3396 1334 3452 curn
1349 3397 1412 3452 ter·

341 3491 433 3545 reno
453 3488 611 3560 corpore
626 3473 835 3541 interibunt.

443 3591 478 3658 4.
505 3568 574 3640 Sed
604 3584 645 3639 ut
666 3571 715 3640 ita
740 3572 774 3641 in
798 3568 994 3643 istiusmodi
1015 3591 1115 3666 reges
1139 3567 1311 3648 fiduciam
1340 3598 1412 3652 non

345 3667 534 3759 conferas,
568 3668 729 3759 inquens
750 3669 956 3761 sperandum
977 3670 1082 3757 effer,
1119 3670 1300 3749 ostendit:
1336 3682 1412 3750 Bea-

345 3786 419 3854 ται,
453 3773 541 3866 cujus
563 3773 647 3839 oeus
669 3769 767 3865 Jacob
784 3772 910 3865 adjutor
931 3775 1017 3868 ejus.-
1046 3771 1114 3866 spes
1130 3776 1195 3867 ejus
1211 3777 1249 3842 in
1272 3781 1411 3847 Domino

346 3873 416 3944 Deo
430 3869 533 3963 ipfius,
558 3875 613 3965 qui
624 3868 823 3962 secirrolum
838 3868 875 3945 (5
890 3886 1018 3958 terram,
1045 3896 1129 3940 more
1145 3869 1183 3945 (5
1195 3881 1320 3963 omnia,
1345 3900 1406 3975 qua

346 3974 382 4038 in
401 3975 444 4040 eis
457 3971 558 4058 sunt,
592 3981 649 4065 qui
664 3970 790 4064 custodit
809 3975 979 4040 veritatem
996 3978 1032 4040 in
1042 3970 1198 4055 seculum,
1219 3972 1310 4064 focit
1324 3978 1409 4073 judi·

345 4077 428 4145 cium
443 4070 517 4161 Iris,
542 4079 598 4171 qui
614 4077 789 4172 patrumm
807 4076 975 4172 injuriam.
1025 4069 1115 4147 Non
1134 4069 1184 4147 est
1199 4075 1338 4148 caduco
1355 4099 1413 4153 co·

1272 4192 1366 4275 grta·
