3317 4900
570 459 618 519 ru
643 434 842 514 Scurrrn
861 431 1075 510 Hatera-r·
1106 453 1120 480 ³-
1213 436 1353 526 txxxru

287 620 546 697 tantorumque
562 600 749 690 uitiorum,
774 592 869 688 quasi
886 614 931 672 ex
943 589 1097 686 quodam
1105 585 1236 666 fomite
1247 585 1351 668 initia

291 728 541 826 suggeruntur.
551 722 579 766 “
625 716 677 794 Et
687 717 740 796 lit.
755 721 855 814 πῃ.
869 724 902 796 8.
929 703 1353 808 ‚‚suunitinpedineutt

289 866 442 942 usquam
467 853 697 932 occurreret,
734 836 758 914 fi
781 835 1007 914 adversantes
1028 834 1089 908 sibi
1103 855 1179 914 non
1197 834 1363 944 undique

293 965 473 1058 adessent,
509 962 575 1038 suis
591 958 664 1056 ipse
688 959 827 1035 uiribus
850 958 886 1032 in
904 978 965 1038 ea,
1003 975 1081 1047 quae
1094 975 1200 1054 agere
1218 962 1356 1062 velletr

297 1082 583 1167 confirmaretur.
632 1081 703 1158 Sed
720 1080 781 1152 ubi
797 1076 926 1154 infidiae
944 1074 1042 1166 sunt,
1068 1079 1130 1154 ubi
1145 1080 1277 1160 bellurn
1291 1085 1356 1182 est,

295 1229 394 1303 opus
412 1205 462 1290 est
479 1202 635 1292 potioria
656 1201 809 1290 auxilio,
844 1220 891 1274 ne
912 1201 947 1272 in
967 1196 1001 1276 se
1016 1199 1223 1278 dominetur
1238 1207 1357 1285 omnis

293 1325 510 1424 injustitia.“
560 1324 701 1422 Legaut
719 1321 753 1396 dr
773 1321 826 1397 hir
848 1319 966 1398 finilia
984 1324 1036 1400 lit.
1054 1342 1088 1418 3.
1106 1327 1138 1417 §.
1156 1326 1190 1402 6.
1205 1326 1356 1423 alliaque
1373 1306 1376 1310 ⁸

292 1448 397 1528 locis.
1240 1493 1243 1499 ·
1348 1479 1351 1484 ·

398 1562 455 1644 Ex
481 1564 536 1642 his
558 1564 702 1661 planum
723 1559 794 1654 est,
827 1559 1001 1636 Hilarium
1020 1537 1097 1642 non
1119 1587 1198 1644 eam
1217 1582 1358 1650 tantum

301 1677 1032 1788 gratiamuobirneceffariamexistimalse,
1057 1688 1361 1772 cueintelletiuru

298 1805 471 1898 illustret,
505 1803 564 1884 sed
583 1803 616 1878 dt
634 1824 710 1896 quae
733 1802 882 1895 adjuvet
897 1803 1131 1886 voluntatem.
1194 1808 1302 1886 Unde
1322 1813 1361 1890 in

301 1927 355 2008 Pl.
379 1930 461 2007 126.
482 1922 515 2018 d.
536 1946 590 2020 ¹3·
610 1923 806 2000 voluntatis
823 1921 884 2000 srbi
902 1919 1031 1998 relidiae
1043 1922 1238 2004 infirmitati
1257 1931 1362 2006 dolo.

300 2069 380 2124 rem
397 2044 541 2119 scientia
564 2045 642 2117 addi
663 2043 709 2117 src
730 2043 905 2135 explicat:
931 2040 1057 2133 „Cum
1075 2045 1169 2121 enirn
1187 2041 1368 2131 Veritatir¹

302 2166 470 2263 cognitio
485 2163 870 2240 voluntatennostran
882 2163 925 2238 ad
937 2160 1364 2268 profediumconsequen·

303 2289 360 2366 dae
380 2286 543 2360 utilitatis
560 2281 721 2381 instiget,
750 2285 783 2356 dr
799 2296 933 2358 naturae
951 2280 1177 2360 consuetudo
1195 2290 1365 2368 voluntat

303 2404 566 2488 renidentem
589 2401 624 2481 se
645 2400 824 2498 prolicere
842 2416 1017 2495 oportere
1036 2404 1217 2501 detineat,¹
1243 2408 1366 2504 prose.

306 2529 383 2607 ctus
404 2524 579 2619 scientie,
605 2523 787 2619 profestos
807 2523 944 2599 doloris
963 2521 1058 2599 est.“

407 2644 436 2726 li
457 2646 519 2739 ipss
540 2642 665 2742 postea
680 2645 824 2720 audiant
839 2664 916 2739 cap.
941 2667 996 2724 12.
1012 2647 1048 2719 in
1067 2643 1184 2725 Math.
1199 2644 1233 2742 §-
1253 2656 1285 2729 8,
1303 2648 1368 2749 dor

305 2780 470 2845 centem:
497 2763 709 2858 „Christum
727 2762 903 2839 invenisse
920 2762 1221 2861 estgratuitum.“
1271 2768 1320 2845 Et
1329 2770 1369 2849 ill

306 2887 361 2969 Ps.
378 2895 438 2977 48.
456 2887 508 2980 lit.
527 2890 561 2965 ό.
575 2884 608 2979 d.
624 2910 658 2975 4.
674 2884 841 2961 adversus
852 2886 1037 2963 humanam
1051 2886 1274 2979 insolentiam
1285 2911 1379 2993 pro-r

309 3022 522 3107 ponentem,
549 2998 589 3080 alc
606 3005 808 3079 laudantem
825 3004 1016 3103 Prophetae
1030 3011 1253 3103 exemplum,
1278 3012 1372 3104 „qul

312 3129 432 3203 omnia
454 3127 536 3202 uult
558 3147 575 3201 a
594 3128 758 3203 bonitate
780 3125 850 3203 Dei
876 3128 912 3202 in
932 3125 965 3200 se
982 3129 1202 3204 inchoarir“
1228 3131 1272 3205 de
1295 3151 1369 3222 quo

314 3249 396 3343 ἃς.
416 3269 449 3322 r.
463 3245 601 3322 scribit:
625 3244 936 3338 „Misericordiam
949 3249 1071 3339 itaque
1082 3249 1232 3342 primum
1247 3248 1373 3340 depre-

313 3381 415 3445 catur
433 3364 503 3461 est,
530 3367 659 3443 dehinc
678 3365 838 3444 salutare.
889 3368 989 3441 Salus
1007 3354 1102 3443 enim
1119 3367 1239 3445 nostra
1255 3366 1374 3440 exmi-

312 3487 505 3567 sericordia
522 3485 593 3563 Dei
608 3484 672 3577 eli,
700 3484 733 3558 ἃ
747 3487 920 3562 bonitatis
939 3486 1006 3564 suae
1027 3488 1101 3563 hoc
1115 3508 1243 3563 munus
1258 3487 1293 3559 in
1308 3506 1375 3559 no

312 3611 371 3691 bia
390 3607 459 3685 est:
490 3608 522 3685 dr
545 3607 629 3685 inde
647 3606 756 3703 coepit
775 3609 917 3700 oratio,
943 3606 1038 3683 unde
1058 3607 1092 3681 dr
1117 3584 1206 3681 salus
1226 3606 1377 3688 inchoat

315 3730 552 3826 deprecantis.
563 3730 590 3772 ‘⁶
1032 3798 1039 3807 ,
1366 3784 1370 3789 .

420 3846 517 3925 Tum
534 3850 682 3924 redeant
698 3845 742 3923 ad
760 3845 848 3921 illud
859 3848 893 3920 in
911 3844 962 3920 Ps.
979 3863 1038 3933 51.
1050 3843 1082 3942 §.
1096 3844 1157 3917 ro.'
1180 3843 1377 3935 „stultitia

316 3983 429 4062 atque
449 3968 639 4065 impietatis
658 3982 827 4041 extremae
845 3966 915 4057 est,
950 3986 1026 4041 non
1040 3966 1242 4061 intelligere
1260 3962 1296 4040 se
1315 3961 1378 4041 sut

321 4090 433 4189 Deo,
469 4090 563 4168 &ex
584 4089 667 4168 Deo
686 4088 835 4185 uivere,
865 4085 925 4167 sed
944 4087 982 4163 in
999 4085 1076 4184 hir,
1108 4105 1186 4184 quae
1203 4085 1321 4189 gerit„
1347 4082 1387 4161 dt

1230 4203 1362 4308 uiue·
1436 4268 1454 4313 ·,

1441 4330 1454 4365 ἃ
