3317 4900
295 454 436 545 164-·
626 443 1015 524 &birram
1130 533 1134 538 ,
1259 457 1276 468 ’·

294 610 526 702 eternitatis,
556 617 599 679 ut
619 607 755 684 domini
774 606 862 701 smt,
896 625 939 682 nt
957 609 994 682 in
1016 609 1071 684 hia
1088 607 1240 690 dominia
1254 613 1362 693 Deua

282 713 462 790 *dominus
476 709 537 783 srtr
563 705 685 780 &hoc
702 728 779 781 non
801 710 851 781 ob
872 711 975 782 aliam
989 709 1142 804 causam,
1167 715 1226 788 nisi
1243 720 1294 790 ob
1307 721 1364 802 id,

293 819 374 913 quia
391 818 428 882 a'rr
436 807 540 898 secale
558 807 768 908 misericordia
783 814 868 905 ejas:
893 807 1032 882 donans
1048 812 1157 884 nobis
1176 833 1241 906 per
1257 834 1379 890 aeter-·

295 933 352 988 ne
373 906 621 985 misericordiae
643 903 710 980 sue
727 908 1005 1002 benignitatem,
1035 909 1232 987 uteffetiia
1250 919 1360 992 nobie

295 1012 451 1104 dominia
469 1008 562 1104 digni
577 1006 700 1100 fimus,
725 1026 881 1098 quorum
897 1005 972 1101 ipse
988 1008 1031 1082 fit
1049 1009 1231 1089 dominus.
1285 1045 1291 1054 ·
1311 1079 1319 1090 ,

250 1133 254 1144 ’
397 1131 432 1204 7,
461 1104 1020 1201 Qaifeanmirabriiamagarinus,
1059 1107 1360 1205 Inpiurimiaqui·

297 1211 380 1316 dem
398 1213 633 1284 humanorum
651 1224 802 1299 operum
816 1202 920 1301 gestia
937 1209 1049 1282 muita
1066 1229 1193 1305 magna
1208 1212 1242 1285 dt
1259 1217 1359 1287 mira·

296 1313 381 1386 bilia
401 1310 618 1382 extiterunt:
651 1303 708 1377 sed
736 1304 906 1400 quidquid
928 1308 965 1380 in
984 1307 1038 1380 hia
1057 1308 1193 1404 gestum
1212 1311 1301 1393 est,.
1317 1316 1360 1387 ad

296 1427 378 1486 eum
398 1408 574 1496 refertur,
601 1405 701 1496 cujna
718 1406 835 1477 virtus
848 1407 907 1479 iiia
923 1403 1031 1502 geffit.
1083 1405 1203 1482 Multa
1218 1416 1360 1487 mirabi-

296 1511 344 1585 lia
367 1504 514 1598 Moyses
543 1508 579 1577 in
600 1502 766 1600 AEgypto
790 1506 881 1602 egit:
917 1505 977 1579 sed
996 1503 1238 1583 testimonium
1259 1511 1361 1608 Magi

292 1612 612 1695 incantatoresque
634 1605 846 1698 perhibent,
881 1606 964 1696 quia
978 1606 1015 1677 in
1030 1608 1202 1699 operibns
1218 1611 1289 1684 iliis
1311 1614 1361 1684 di-

294 1709 391 1806 gitua
414 1705 484 1778 Dei
504 1703 572 1776 est:
608 1702 699 1778 sicut
715 1702 965 1796 scriptumest:
1002 1704 1184 1781 Dixerunt
1201 1729 1291 1805 ergo
1307 1713 1362 1784 in·

295 1819 503 1880 cantatores
527 1802 724 1878 Pharaoni:
762 1803 904 1898 Digitus
920 1803 991 1876 Dei
1007 1803 1058 1878 est
1071 1805 1154 1882 hoc.
1204 1805 1263 1880 Ex
1280 1831 1362 1900 quo
1400 1825 1402 1934 i

296 1904 496 1980 ostenditur
516 1903 688 1977 virtutem
699 1901 774 1975 Dei
788 1920 852 1995 per
864 1900 1023 1996 Moysen
1037 1917 1219 1997 operatam
1239 1906 1358 2003 fniffe,

297 2009 397 2099 euJua
409 2019 493 2078 tum
509 2004 568 2077 illa
585 1999 780 2076 ministerio
793 2004 1020 2097 gerebantur.
1072 2004 1197 2100 Magni
1209 2026 1359 2101 quoqne

294 2104 455 2181 miraculi
477 2104 564 2176 iilud
577 2100 647 2174 fuit
662 2114 758 2195 turn,
792 2121 874 2174 cum
890 2101 1033 2176 dicente
1047 2095 1130 2198 Jesu
1145 2104 1272 2178 Nave:
1304 2106 1358 2182 soi

294 2199 395 2280 stetit
412 2217 539 2276 contra
555 2192 726 2278 Gabaon,
757 2200 888 2275 &luna
903 2216 1033 2276 contra
1047 2205 1178 2278 vallem
1197 2203 1357 2299 Haonn.

294 2299 445 2397 Nescio,
471 2298 938 2392 quidhocmirabiliuseffici
947 2301 1068 2394 poffita
1095 2322 1176 2376 curn
1188 2305 1225 2377 in
1239 2310 1358 2381 verbo

295 2399 569 2481 hominis-sol&
589 2402 672 2475 iuna
690 2402 727 2473 in
744 2401 814 2473 diei
834 2403 938 2474 unius
950 2421 1087 2476 moram
1103 2423 1149 2475 ex
1167 2402 1288 2479 corsua
1308 2403 1356 2480 sui

293 2507 375 2603 iege
393 2503 529 2577 detenti
549 2498 641 2576 sunt.
698 2500 768 2574 Sed
781 2502 927 2593 v'qtutis
946 2501 1051 2593 hujus
1068 2501 1251 2578 auctorem
1266 2506 1358 2579 Scri·

294 2619 402 2697 ptura
419 2621 507 2676 mox
524 2599 677 2693 addidit,
713 2600 853 2675 dicens:
886 2600 978 2674 Non
991 2598 1151 2674 fuit'dier
1168 2605 1271 2696 talis,
1298 2626 1358 2678 ne·

298 2720 367 2794 que
383 2702 502 2794 priua,
539 2719 658 2792 neque
677 2698 820 2793 postea,
846 2712 887 2772 ut
904 2700 953 2773 src
974 2701 1160 2774 exaudiret
1176 2700 1356 2795 Dominug

294 2804 497 2877 hominem:
523 2801 604 2889 quia
619 2799 796 2873 Dominus
814 2802 991 2896 pugnavit
1002 2820 1071 2892 pro
1085 2800 1206 2878 lsrael.
1256 2802 1297 2875 In
1310 2825 1356 2876 eo

296 2903 414 2989 enim,
449 2900 546 2989 quod
570 2896 671 2992 Jesua
685 2900 872 2971 exauditus
894 2896 964 2992 est,
1001 2900 1035 2970 dt
1053 2903 1234 2995 pugnabat
1252 2900 1357 2974 Deus

294 3003 333 3075 in
352 2999 485 3091 lsrael,
520 3001 634 3070 virtus
653 3002 728 3090 ejus
744 3000 782 3070 in
800 2997 927 3094 gestis,
961 3000 1021 3090 qui
1040 2998 1074 3071 dt
1092 3003 1294 3096 pugnabat,
1320 3001 1358 3075 dr

296 3100 500 3193 exaudivit,
528 3097 737 3171 ostenditur.
847 3165 850 3170 .

248 3276 254 3290 Ι
319 3266 322 3271 ,
393 3208 426 3280 8.
452 3202 522 3295 Qui
533 3199 615 3292 fecit
632 3198 716 3268 caios
731 3201 768 3269 a'n
781 3195 957 3270 intelletdu:
982 3203 1131 3297 quoniam
1142 3204 1179 3268 in
1181 3198 1287 3288 secula
1300 3207 1357 3272 mi·

288 3301 456 3393 sericorda'a
480 3303 559 3396 ejas.
626 3296 888 3371 Faciendorum
911 3297 985 3371 sola
1007 3297 1257 3372 misericordiae
1287 3299 1355 3374 sue

295 3398 397 3473 causa
413 3397 482 3487 esta
509 3400 734 3489 nequeenim
751 3398 864 3492 eguit,
891 3395 1087 3474 utfierent
1136 3397 1205 3471 Sed
1216 3400 1278 3490 qui
1290 3403 1355 3475 bo·

294 3520 362 3573 nus
377 3497 449 3589 est,
481 3497 567 3572 inid
583 3497 748 3570 universa
761 3494 872 3586 fecit,
904 3511 946 3568 nt
960 3499 1079 3592 piures
1097 3497 1272 3572 bonitatis
1289 3497 1356 3573 sua

295 3599 409 3690 copiis
434 3607 633 3671 uterentur.
692 3594 801 3669 Fecit
821 3611 939 3669 autem
958 3599 1069 3669 coelos
1089 3598 1124 3669 in
1146 3598 1354 3690 intellectu,

292 3718 369 3770 non
384 3698 665 3786 irrationabiles,
688 3715 808 3787 neque
827 3694 1016 3786 informes,
1042 3717 1159 3789 neque
1181 3699 1356 3771 eon-fusos

293 3796 582 3891 dtuinordinator.
644 3793 713 3868 Sed
736 3814 815 3868 cum
843 3796 1027 3890 regionem
1044 3797 1245 3891 cognitioni
1263 3794 1355 3889 suc,

292 3897 352 3987 qui
374 3891 533 3969 infinitus
557 3893 627 3988 est,
645 3896 647 3899 ’
663 3896 883 3979 collocaret3
917 3896 1011 3967 celo
1037 3894 1220 3987 superiore
1241 3909 1353 3986 atque

289 3995 409 4090 primo
418 3995 663 4088 eodemquein
673 3997 798 4067 orbem
809 3993 1011 4085 collocato,
1031 3997 1358 4086 terminumquem-

289 4095 371 4172 dam
386 4094 615 4197 Virtutibus,
652 4112 730 4186 que
743 4095 866 4186 prima
879 4092 924 4167 ad
941 4093 1232 4191 cognoscendum
1245 4091 1281 4169 se
1299 4098 1358 4192 gia

1149 4214 1304 4291 goeren-
