3317 4900
324 433 401 520 ⁴8⁴
482 479 486 486 .
666 413 708 496 δέ
753 409 1064 493 uratur

331 605 407 686 pre
427 579 560 666 eeterit
579 599 658 654 non
683 575 719 654 se
743 575 1063 654 scandalizaturum
1085 577 1219 654 suerat
1234 579 1409 680 gloriatur.

331 681 538 781 Superioris
559 694 679 754 autem
698 692 815 754 metus
842 676 893 751 sui
916 678 1052 754 indicat
1074 679 1243 774 causas,
1277 684 1408 758 dicem:

334 793 434 860 orare
451 807 492 856 nr
506 787 641 854 intretis
657 785 696 850 in
711 783 935 851 tentarirmrrr.
961 779 1047 852 Hoc
1060 795 1145 854 erat
1155 782 1298 880 igitur,
1318 783 1404 876 quod

332 885 509 966 volebat,
536 885 570 954 dr
593 880 678 954 ideo
697 880 735 954 in
755 879 925 954 oratione
939 879 1171 954 tradiderat:
1201 881 1298 956 Non
1319 885 1406 958 inda

333 1007 394 1064 eta
406 1005 477 1058 nos
492 985 528 1056 in
543 980 805 1071 tentationem,
831 997 878 1052 rte
890 979 976 1072 quid
987 979 1107 1052 ianoe
1117 979 1332 1058 infirmitati
1344 1001 1408 1057 car·

333 1089 388 1164 nia
408 1087 548 1158 liceret.
598 1078 672 1150 Cur
690 1093 810 1152 autem
834 1099 882 1152 ne
906 1081 1227 1154 intentationem
1252 1085 1407 1158 venirent

335 1205 443 1262 orare
457 1203 524 1257 eoa
544 1177 799 1272 admonuisset,
826 1177 983 1252 ostendit
998 1179 1151 1260 dicens:
1182 1179 1335 1280 Spiritus
1346 1186 1406 1283 qui·

335 1293 402 1360 dem
412 1300 576 1383 promtus,
601 1304 672 1352 cerr
683 1295 787 1351 aurem
804 1280 958 1372 infirm&
982 1299 1059 1353 non
1076 1281 1216 1372 utique
1234 1283 1352 1378 dese,
1368 1281 1404 1356 ad

336 1407 403 1462 eos
426 1385 519 1458 enim
539 1381 598 1454 hie
620 1380 735 1454 sermo
761 1377 959 1454 conversus
981 1377 1044 1453 est.
1105 1379 1195 1454 Aut
1226 1384 1402 1475 quomodo

335 1505 433 1560 nunc
443 1485 488 1558 de
501 1479 536 1556 se
549 1478 688 1574 spiritur
702 1490 915 1576 promptua,
940 1475 1404 1572 srsuperiustristiaestaui·

334 1605 393 1662 ma
410 1603 524 1677 usque
543 1582 586 1654 ad
604 1577 790 1654 mortem?
817 1577 886 1652 Sed
907 1578 1044 1676 vigilari
1058 1582 1240 1675 praecipit
1258 1583 1403 1676 dtorari,

334 1707 384 1762 ne
404 1687 441 1758 in
466 1683 707 1757 tentationem
725 1677 917 1770 incidant,
943 1699 991 1752 ne
1013 1677 1230 1756 infirmitati
1254 1685 1401 1776 corpori

332 1783 583 1864 succumbant:
602 1780 797 1871 &idcirco,
809 1778 834 1852 sr
848 1777 1087 1872 poffibiieest,
1099 1793 1144 1852 ut
1161 1803 1184 1854 a
1204 1781 1244 1855 se
1261 1795 1401 1856 transeat

305 1977 308 1986 Ι
338 1887 430 1960 calix
449 1895 557 1972 orat,
592 1884 674 1972 quia
694 1879 840 1952 bibendi
856 1880 932 1973 ejus
947 1897 1034 1952 caro
1052 1882 1181 1954 omnia
1202 1879 1346 1960 infirma
1362 1883 1401 1956 stt

413 2005 469 2060 ro.
494 1978 645 2055 Rursum
664 1977 1109 2054 verodiseedenaoravitt
1134 1979 1294 2058 dicens:
1322 1988 1401 2056 Pater

335 2075 1402 2276 :uuitrindr:sordidabitur

336 2283 424 2362 inse
446 2283 614 2378 corporis
638 2277 750 2352 nostri
765 2275 1007 2354 infirmitatem
1026 2275 1215 2354 auumnrr
1247 2287 1402 2374 crucique

336 2385 456 2465 secum
466 2379 703 2463 universam,
718 2381 846 2473 quibus
858 2377 1149 2473 infirmabamur,
1173 2379 1303 2462 affixit.
1328 2385 1401 2457 ideo

337 2497 489 2585 peccata
504 2480 626 2557 nostra
643 2480 786 2574 portat,
813 2480 931 2574 &pro
949 2480 1055 2553 nobis
1070 2480 1203 2557 dolet:
1233 2488 1316 2577 quia
1334 2482 1402 2557 fidei

337 2590 376 2663 in
397 2586 507 2659 nobit
530 2584 652 2655 calore
673 2582 869 2673 fervente,
902 2600 983 2655 cum
1008 2579 1206 2657 adversum
1235 2586 1403 2660 diabolum

335 2684 501 2781 paffionir
513 2683 612 2756 bello
627 2682 668 2754 fit
680 2679 954 2773 decertandum,
982 2698 1109 2753 omnes
1120 2680 1403 2758 imbecillitatum

337 2785 539 2861 nostrarum
558 2784 705 2855 dolores
732 2800 812 2855 cum
829 2799 989 2872 corpore
1009 2779 1087 2870 eiua
1105 2780 1139 2852 dr
1156 2783 1324 2874 pasfione
1340 2806 1402 2859 mo·

337 2888 488 2961 riuntur.
541 2880 589 2952 Et
604 2882 687 2954 ideo
706 2879 852 2953 transrre
867 2881 911 2953 ab
927 2900 974 2953 eo
984 2880 1076 2951 calix
1092 2899 1174 2952 non
1192 2885 1337 2979 potest,
1353 2882 1402 2959 nis

336 2988 436 3159 {ilum
454 2983 573 3058 bibat:
600 2981 683 3073 quia
693 2982 786 3074 pati,
806 2980 869 3054 nisi
889 3000 934 3053 ex
948 2981 1022 3072 ejur
1035 2978 1229 3079 paffioneq
1244 3004 1322 3060 non
1338 2982 1402 3083 pos·

352 3104 466 3159 umus.

352 3236 359 3247 .
417 3205 472 3257 rr.
491 3180 631 3255 Verum
641 3177 739 3270 quod
752 3178 883 3252 iterum
898 3175 1062 3250 reversus
1076 3183 1227 3271 reperit
1240 3182 1404 3257 dormiet·

338 3296 415 3373 tes,
442 3281 597 3355 ostendit
615 3277 780 3352 absentiae
798 3275 865 3350 suae
879 3277 1181 3371 temporeplurea
1202 3278 1402 3374 quodamfi·

337 3386 396 3459 dei
411 3381 538 3456 somno
552 3379 780 3453 detinendos.
833 3375 903 3450 Sed
920 3373 1053 3450 rursum
1070 3380 1228 3465 oravit,
1255 3384 1350 3457 idem
1360 3400 1402 3455 re

339 3497 486 3579 petens;
511 3479 768 3569 reversusque,
794 3478 855 3568 qui
874 3477 1024 3571 vigilare
1035 3474 1218 3574 jusserat,
1247 3485 1309 3576 qui
1329 3502 1402 3555 con·

337 3576 481 3676 sbpitod
501 3580 777 3674 objurgaverat,
805 3580 873 3648 ait:
897 3581 1046 3649 Dormire
1059 3578 1132 3671 jam
1156 3577 1401 3681 &requiescite

337 3683 422 3756 Post
447 3681 651 3753 orationem
669 3677 918 3767 frequentem,
943 3674 1023 3766 post
1036 3675 1219 3754 discursus
1235 3680 1400 3757 recursor

337 3803 406 3876 que
421 3781 658 3874 multiplices,
692 3791 827 3853 metunt
845 3776 975 3865 demit,
1011 3773 1249 3855 securitatem
1267 3780 1397 3873 reddit,

337 3886 373 3956 in
386 3883 545 3971 requiem
560 3880 790 3969 adhortatur,
817 3878 1045 3949 voluntatem
1059 3873 1178 3951 Patria
1189 3883 1266 3973 jam
1282 3884 1330 3958 de
1341 3898 1395 3955 uo

267 3988 272 4000 '
335 3975 758 4070 birseeururexspetiat,
783 3976 924 4049 dicent:
955 3976 1032 4048 diat
1044 3975 1300 4054 vormmm
1326 3978 1392 4075 qu'u

1234 4081 1356 4159 trans·
