3317 4900
286 467 356 543 113
624 445 661 526 S.
712 445 1023 526 Httnart

289 619 380 698 ficut
397 613 534 690 catulus
549 611 678 686 leonis.
745 613 841 708 Quis
859 605 1164 686 susciubiteumi
1195 605 1246 684 Et
1261 609 1370 709 supe·

291 725 369 794 rior
388 717 419 788 ἀ
440 709 880 804 consequensbenediciio
895 733 964 784 nec
978 715 1074 784 aetati
1087 711 1201 806 Judae,
1224 733 1368 810 neege-

291 819 352 896 stis
378 815 574 898 convenit;
613 809 672 884 sed
695 815 749 900 ei,
787 813 847 901 qui
867 832 912 882 ex
933 813 1033 904 Judae
1052 811 1186 885 frutice
1201 811 1300 886 licuti
1316 834 1365 890 ex

292 917 413 992 radice
430 912 520 1006 leffe
547 911 619 1004 est,
658 913 717 1002 qui
744 911 777 982 dt
796 913 934 983 catulus
953 913 1069 982 leonis
1087 909 1162 1002 est,
1200 911 1235 983 dt
1249 911 1365 1005 Jacob

293 1017 364 1092 erit
380 1011 484 1086 lilius.
549 1011 603 1084 Ex
624 1013 690 1084 hac
708 1013 801 1082 enim
823 1011 922 1104 Judae
938 1005 1039 1084 tribu'
1053 1011 1171 1084 Maria
1187 1011 1263 1103 est,
1290 1034 1369 1102 quae

293 1115 460 1190 Domino
488 1111 614 1184 nostro
642 1111 833 1183 secundum
857 1131 1000 1184 carnem
1022 1109 1233 1184 materfuit.
1298 1113 1370 1190 Hic

295 1235 385 1312 ergo
404 1213 594 1306 procidens
612 1211 785 1282 dormivit
803 1227 845 1282 ut
861 1213 935 1286 leo.
994 1211 1075 1286 Leo
1094 1213 1228 1284 terrori
1248 1211 1300 1286 est
1319 1212 1371 1284 fe·

294 1317 344 1390 ris
365 1315 552 1398 omnibus,
580 1310 612 1382 d·
636 1313 747 1380 ueluti
764 1311 952 1382 dominans
966 1309 1017 1384 est
1031 1327 1230 1384 ceterarum
1244 1311 1370 1386 bestia·

295 1435 395 1487 rum:
422 1413 455 1484 dt
476 1413 535 1484 laic
547 1409 640 1482 solus
654 1431 718 1500 per
733 1405 988 1482 confidentiam
1003 1409 1271 1486 &securitatem
1285 1413 1372 1486 dor.

295 1517 363 1590 mit
377 1511 587 1603 intrepidus.
636 1508 777 1581 Terror
793 1509 1195 1604 omniumaigilansest3
1220 1510 1295 1604 ipse
1308 1533 1371 1584 au·

297 1629 373 1686 tem
392 1612 533 1684 securus
551 1613 585 1682 in
605 1607 732 1682 somno
751 1608 811 1683 est.
864 1607 913 1682 Et
930 1615 1068 1682 idcirco
1085 1611 1237 1684 addiditr
1272 1613 1370 1710 Quis

298 1710 478 1788 suscitabit
494 1711 602 1783 euml
631 1713 725 1806 Quia
742 1710 927 1800 intrepidae
940 1711 972 1782 &
984 1711 1369 1804 prepotentisnaturae

299 1811 526 1888 securitatem
544 1813 638 1882 nulla
658 1811 798 1884 externi
819 1811 968 1880 terroris
989 1811 1158 1882 timiditas
1174 1811 1367 1901 inquietet.

299 1911 361 1988 Ne
379 1931 466 2006 ergo
483 1910 671 2000 quidquam
691 1911 822 1984 humile
842 1909 1113 2000 atquepaffibile
1128 1911 1367 2006 impaffibilcm

297 2011 471 2106 unigeniti
491 2011 558 2084 Dei
582 1989 805 2082 iubilantiam
825 2007 1021 2102 perpeliam
1040 2009 1368 2087 existimaremusill

302 2131 345 2185 ea
359 2127 502 2200 morte,
537 2131 639 2200 quarn
662 2107 786 2196 subiit,
813 2107 898 2178 ferae
914 2110 1018 2200 hujus
1038 2109 1220 2206 intrepide
1237 2108 1369 2185 dormi·

298 2214 392 2287 entis
411 2211 612 2302 exemplum
628 2208 670 2280 ad
683 2205 812 2280 secure
828 2211 955 2280 mortis
971 2211 1239 2304 intelligentiam
1251 2209 1302 2284 est
1316 2230 1369 2287 rc·

300 2313 430 2385 latum:
455 2325 496 2380 ut
511 2325 610 2380 extra
626 2309 765 2379 humani
783 2311 933 2380 terroris
951 2306 1020 2382 effe
1035 2311 1070 2381 in
1086 2307 1214 2380 somno
1236 2312 1300 2380 illo
1315 2309 1369 2386 in.

305 2409 549 2503 quietudinem
568 2408 776 2500 doceretur,
803 2409 861 2500 qui
876 2429 940 2499 per
948 2409 1087 2505 generis
1097 2407 1146 2481 sui
1159 2421 1369 2500 naturaeque

300 2513 497 2602 virtutem,
527 2508 708 2581 dormiens
728 2510 839 2599 licet,
872 2509 998 2581 timere
1013 2530 1088 2581 non
1103 2506 1232 2602 pollet.
1287 2508 1369 2583 Ser·

299 2626 387 2681 vata
406 2625 522 2682 autem
541 2606 794 2703 diligentiffime
809 2630 850 2679 ea
866 2610 959 2680 ratio
976 2606 1046 2695 est,
1071 2624 1111 2680 ut
1124 2611 1161 2679 in
1176 2608 1368 2701 unigenito

301 2708 388 2781 Deo
411 2709 532 2783 aeterni
556 2708 588 2779 dt
613 2710 788 2802 gignentis
813 2729 893 2781 eum
917 2709 986 2780 Dei
1008 2710 1121 2803 gloria
1137 2706 1369 2797 nosceretur,

303 2828 383 2881 curn
403 2808 547 2881 dicitur:
575 2806 675 2879 Sicut
692 2810 773 2887 leo,
802 2810 835 2879 dt
855 2808 942 2880 licut
961 2809 1098 2881 catulus
1118 2809 1248 2885 leonis,
1306 2805 1368 2884 Ad

302 2906 339 2979 id
360 2910 475 2995 enim,
503 2908 601 2996 quod
621 2930 665 2979 ex
680 2908 762 2985 Deo
781 2910 852 2999 ipse
872 2906 1040 2997 subsistit,
1067 2908 1205 2983 catulus
1222 2906 1272 2979 est
1291 2910 1369 2981 leo·

302 3008 375 3079 nis:
415 3006 458 3075 ad
477 3006 509 3075 id
528 3028 640 3098 vero,
674 3008 770 3097 quod
790 3009 849 3078 leo
865 3008 936 3095 est,
962 3024 1119 3103 paternae
1141 3008 1177 3081 in
1197 3028 1243 3081 eo
1262 3007 1371 3098 maje-

302 3104 400 3179 statis
431 3103 637 3180 indifferens
667 3106 883 3202 generosum
904 3108 1127 3198 predicatur.
1177 3106 1232 3183 Ut
1258 3127 1372 3184 unum

304 3208 410 3278 ambo
430 3203 510 3297 sint,
536 3207 595 3280 leo
614 3204 680 3279 est:
707 3227 751 3280 ne
771 3227 863 3281 unus
876 3223 983 3298 atque
998 3207 1070 3300 ipse
1085 3210 1140 3303 stt,
1167 3210 1305 3286 catulus
1320 3205 1373 3285 est

303 3306 434 3384 leonis.

405 3424 439 3500 9.
467 3402 504 3475 ld
519 3401 628 3495 ipsum
648 3417 764 3479 autem
783 3408 889 3481 etiam
903 3405 1024 3479 Psalmi
1043 3405 1373 3499 consequentiado·

306 3518 400 3579 cent.
453 3502 513 3577 Ne
527 3505 618 3576 enim
635 3504 803 3577 indcielia
819 3508 878 3578 illa
894 3509 1008 3581 uirtus
1024 3507 1057 3579 dt
1074 3508 1284 3600 impailibilis
1298 3506 1374 3583 unl-

305 3604 415 3699 geniti
433 3602 501 3677 Dei
520 3618 645 3681 natura
663 3608 787 3677 mortis
806 3605 933 3678 somno
948 3608 1183 3681 dormitatura
1198 3605 1374 3681 existima·

305 3716 417 3793 retur,
444 3726 519 3778 rem
541 3726 684 3777 omnem
701 3706 742 3779 ad
762 3704 920 3779 officium
933 3710 1113 3798 corporis,
1139 3708 1196 3779 cui
1211 3704 1371 3783 discessio

305 3802 515 3877 immortalis
534 3806 657 3878 animae
673 3826 769 3878 mors
785 3802 857 3895 est,
889 3807 1016 3879 retulit
1030 3806 1170 3883 dicensi
1207 3810 1248 3879 Si
1264 3809 1368 3875 dedero

299 3901 446 3995 J'omnum
468 3906 559 3975 oculis
587 3911 683 3990 meir,
717 3902 922 4001 &palpebris
936 3911 1011 3974 meis
1027 3909 1302 3992 dormitationem,
1328 3903 1369 3982 U

304 4008 442 4097 requiam
471 4006 652 4099 temporibui
674 4015 767 4091 meis,
798 4006 890 4076 donec
910 4010 1074 4077 inveniam
1093 4011 1191 4081 locum
1215 4010 1374 4086 Domino,

306 4103 543 4181 talernaculum
561 4110 627 4177 Deo
640 4108 751 4205 Jacob.
802 4102 1046 4204 Temporibus
1057 4106 1249 4185 secundum
1260 4122 1375 4182 trans·

1215 4209 1322 4285 latio·
