3317 4900
342 445 411 522 ¹92
676 415 713 497 S.
763 415 1070 508 Hanania

339 594 491 681 propter
509 577 749 654 obedientiam
768 579 895 656 fermae
906 579 1043 656 servilia
1059 603 1141 660 cum
1153 585 1271 662 erucis
1280 600 1415 670 morte

340 685 534 776 suscepta,
561 682 596 754 in
612 682 725 777 gloria
741 681 811 756 Dei
831 679 944 754 Patris
961 680 1068 777 elice,
1095 686 1197 777 cujo't
1215 700 1321 762 antea
1333 713 1415 766 ma-

340 788 452 859 nebat
465 783 502 854 in
519 781 649 857 forma.
702 779 771 852 Sed
786 782 863 854 haec
881 780 1080 874 Apostolus
1088 787 1161 877 J'am
1177 785 1224 859 de
1236 789 1414 880 perfectis

340 887 487 958 locutus
503 879 572 954 est:
599 878 911 954 demonstrandum
927 897 1045 958 autem
1060 885 1099 959 in
1116 882 1326 984 Evangeliie
1341 890 1413 985 est,

341 985 403 1072 ubi
420 983 454 1054 &
470 981 666 1074 probatus,
694 980 727 1052 dt
746 983 912 1075 cognitus
928 979 991 1056 est.

441 1085 476 1155 6.
503 1080 692 1154 Humilitas
720 1080 841 1173 itaque
865 1082 941 1172 ejus
961 1082 1130 1175 probatio
1153 1082 1217 1160 est.
1269 1085 1416 1186 Unige-

339 1185 438 1260 nitus
464 1201 616 1270 namque
639 1179 761 1271 Deua,
798 1195 1032 1272 peccatorum
1060 1182 1245 1278 remilior,
1281 1190 1414 1264 aeterni

343 1284 443 1378 regni
465 1281 645 1368 dominus,
671 1280 844 1369 baptizari
859 1278 895 1352 se
911 1294 1087 1372 tamquam
1102 1279 1339 1375 peccatorem
1350 1311 1414 1362 en·

339 1381 468 1480 poscit.
513 1376 1085 1473 OfficiumistudBaptistarenuit‚
1098 1383 1414 1482 agnoscentem,

342 1487 402 1576 qui
418 1482 479 1554 fibi
497 1480 618 1570 potius
641 1492 788 1569 peccata
803 1479 976 1555 donallet.
1026 1482 1091 1554 llle
1112 1500 1231 1559 autem
1248 1482 1414 1582 suscepti

341 1585 380 1658 in
397 1580 432 1655 se
448 1580 601 1653 hominia
615 1575 781 1669 justitiam
798 1580 905 1654 etiam
924 1577 1143 1655 sacramento
1165 1586 1333 1676 baptismi
1345 1609 1413 1662 ex·

341 1682 477 1780 plevit:
504 1678 690 1771 &peccati
709 1677 840 1771 nostri,
866 1682 1005 1773 peccati
1022 1680 1094 1773 ipse
1108 1680 1261 1775 nescius,
1288 1688 1412 1775 parti-

342 1803 428 1871 ceps
456 1776 531 1852 fieri
555 1798 630 1852 non
652 1777 809 1866 recusat3
844 1779 878 1849 o
891 1799 1034 1852 omnem
1051 1783 1088 1852 in
1109 1779 1142 1852 se
1160 1782 1411 1861 humilitatem

342 1882 484 1955 caducae
505 1880 619 1952 carnia
642 1877 835 1972 affumene,
871 1879 1064 1971 Jordanem
1091 1882 1202 1954 turbis
1224 1897 1412 1976 peccato·

340 2001 421 2054 rum
444 1978 575 2052 mixtus
598 1978 807 2073 ingreditur.
870 1975 1049 2050 Probatur
1071 1979 1108 2053 in
1123 1980 1195 2054 istit
1209 1983 1411 2077 omnibus,

340 2082 425 2154 dum
439 2092 629 2173 geruntur:
656 2076 713 2149 sed
725 2077 921 2166 videamus,
947 2099 990 2149 an
1000 2080 1409 2176 probatueagnoscitur.

340 2180 408 2256 Ait
431 2178 524 2251 enim
551 2173 792 2271 Evangelista:
831 2171 881 2248 Et
902 2178 1087 2270 baptizato
1106 2179 1188 2272 Jesu
1210 2181 1409 2256 confestim

341 2279 498 2354 ascendit
515 2277 559 2348 de
581 2296 680 2366 aqua.
732 2273 780 2346 Et
799 2297 886 2350 ecce
903 2281 1015 2368 aperti
1032 2279 1111 2351 funt
1130 2280 1224 2370 coli,
1250 2281 1287 2352 δι
1310 2283 1410 2356 vidit

340 2380 512 2474 Spiritum
529 2375 598 2449 Dei
611 2372 885 2450 descendentem
901 2379 945 2450 de
963 2380 1068 2468 coelo,
1094 2378 1183 2451 sicut
1194 2383 1409 2457 columbam

340 2482 548 2554 venientem
557 2475 728 2568 inipsum,
756 2477 790 2549 dt
808 2498 895 2550 ecce
911 2498 987 2549 vox
1003 2482 1047 2549 de
1064 2480 1307 2555 coelodicens:
1334 2482 1410 2555 Hic

341 2579 392 2655 est
411 2576 503 2651 filius
523 2596 622 2651 meus
640 2576 805 2668 dilectus,
840 2580 875 2648 in
895 2596 967 2665 quo
991 2576 1204 2665 complacui.
1268 2582 1409 2655 Proba·

340 2681 479 2753 tionem
496 2698 582 2750 mox
599 2676 791 2749 consecuta
811 2676 974 2769 cognitio
992 2676 1059 2749 est:
1086 2678 1117 2748 ἃ
1135 2700 1241 2768 quem
1263 2680 1410 2755 humili·

341 2794 396 2850 tas
415 2778 635 2872 probabilem
650 2774 800 2865 fecerat,
827 2779 923 2849 hunc
937 2792 1167 2867 paternavox
1178 2777 1292 2853 filium
1307 2804 1409 2854 com·

338 2880 508 2973 placitum
525 2876 607 2967 libi,
634 2873 714 2967 post
733 2898 835 2966 quam
851 2877 1043 2967 probavit,
1070 2878 1236 2952 ostendit.
1295 2880 1410 2953 Est&

338 2978 531 3073 probatio,
562 2994 664 3067 quam
688 2973 802 3046 statim
827 2976 1020 3047 consecuta
1046 2979 1208 3071 cognitio
1231 2978 1297 3055 est.
1364 2980 1410 3053 ln

340 3074 483 3150 deserto
508 3076 599 3170 agit,
638 3076 830 3146 tentationi
857 3075 990 3146 diaboli
1016 3075 1219 3169 subjicitur,
1258 3078 1409 3172 seseque

339 3197 438 3253 nunc
455 3177 492 3248 in
508 3172 680 3269 fastigium
700 3175 843 3267 templi,
874 3194 970 3246 nunc
985 3176 1020 3246 in
1040 3175 1215 3249 excelsum
1235 3198 1409 3254 montem

339 3279 475 3371 patitur
492 3272 624 3349 efferri.
677 3273 1408 3375 Contumeliaeitaqueseiniuriaetamgra·

337 3378 379 3448 vi
394 3376 510 3460 dedit,
537 3374 618 3446 dum
633 3376 670 3446 in
688 3374 827 3448 deserto
846 3372 915 3465 est,
943 3374 1026 3447 dum
1049 3378 1261 3448 conditione
1286 3394 1407 3454 tenta·

338 3475 449 3549 tionis
465 3475 638 3564 illuditur,
666 3476 748 3550 dum
766 3476 900 3548 elevari
918 3474 1035 3569 potest
1050 3477 1086 3546 in
1104 3478 1276 3567 templum
1292 3496 1406 3571 atque

273 3582 275 3589 '
337 3590 512 3651 montem.
562 3574 632 3646 Sed
648 3577 888 3649 tentationum
901 3577 1153 3667 probationem
1172 3579 1405 3670 agnoscentis

337 3674 578 3749 testimonium
595 3695 670 3747 non
681 3675 834 3766 reliquit.
884 3674 1050 3747 Aitenim
1061 3675 1261 3765 Scriptura:
1290 3680 1405 3753 'l'unc

336 3776 483 3865 reliquit
499 3797 579 3848 eum
593 3775 777 3865 diabolus,
804 3774 937 3846 &ecee
952 3772 1077 3868 Angeli
1094 3774 1345 3851 ministrabant
1357 3782 1403 3853 ei.

337 3870 465 3949 Homo
485 3888 663 3960 tentatur,
702 3875 815 3947 homo
837 3873 1101 3944 circumfertur:
1139 3871 1196 3945 sed
1217 3877 1404 3967 posthaec

334 3971 684 4068 Angeliminilirant.
727 3973 1307 4068 Perprobationemcognoscitur‚
1331 3997 1405 4068 per

337 4073 586 4170 cognitionem
613 4078 737 4174 dignus
761 4071 812 4148 est
838 4067 1032 4147 ministerio
1056 4076 1298 4171 Angelorum,
1356 4077 1409 4154 In

1247 4190 1353 4253 cete·
1450 4248 1452 4257 .
