3317 4900
369 449 653 531 'runc-mus
679 471 727 528 tn
751 445 943 548 CXLIII.
968 451 1202 536 Parentum.
1254 479 1327 556 ²59

257 615 448 714 dequibus
470 618 522 687 ita
537 627 774 706 memoraret,
802 613 975 692 ostendit:
1002 619 1099 709 quod
1116 617 1255 693 necesse
1271 620 1324 696 est

259 716 302 795 ad
322 731 469 796 montes
486 717 554 788 Iros
575 716 723 807 referri,
762 715 821 805 qui
846 717 888 788 ad
907 717 1018 789 solum
1036 718 1104 789 Dei
1118 720 1247 794 tastum
1268 722 1322 794 su·

254 823 418 896 arabunt.
468 807 517 886 Et
537 835 583 890 nc
600 815 645 885 de
661 815 810 887 terrenis
827 813 899 887 istis
916 821 1100 890 montibus
1117 819 1243 893 ditium
1260 843 1321 891 ex·

253 913 463 1007 istimemua,
488 913 624 1002 Psalmo
642 915 713 987 allo
732 915 978 1005 admonemur,
1006 919 1241 993 cumdicitur:
1267 919 1322 992 Ut

254 1017 342 1110 quid
360 1011 555 1108 suscepistis
577 1027 720 1088 montes
741 1013 981 1109 coagulatos?
1009 1011 1056 1087 Et
1079 1033 1248 1106 quantum
1269 1021 1321 1092 in·

254 1116 371 1211 telligi
391 1113 623 1206 conceditur,
648 1127 792 1188 montes
808 1116 985 1188 interdum
1001 1119 1105 1188 etiam
1125 1116 1319 1192 diabolicas

254 1217 477 1311 potestates,
508 1226 551 1286 ut
574 1214 724 1286 nuncin
743 1213 940 1304 hocloco,
972 1214 1156 1310 significari
1176 1218 1320 1290 arbitra·

255 1332 354 1391 murt
379 1315 439 1406 qui
454 1309 732 1386 constitutiones
747 1313 878 1385 divinae
892 1315 977 1409 legis
993 1311 1206 1410 tranngresm
1232 1333 1322 1391 tarn·

258 1435 362 1507 quam
378 1433 424 1489 ex
438 1411 535 1487 lastis
547 1407 764 1502 sinceritate,
790 1408 919 1485 uitiosa
932 1417 1071 1508 coaguli
1083 1419 1323 1509 corruptione

255 1514 540 1615 coagulaverint.
584 1505 1321 1601 Ethoaessepotentilstmotinimicoasuot

255 1610 408 1690 Psalmus
425 1611 586 1685 anterior
603 1612 748 1681 locutus
766 1609 827 1683 est.

359 1736 415 1787 ιο.
440 1704 637 1786 Descendit
654 1727 740 1805 ergo
754 1705 933 1780 Dominus
948 1710 1121 1785 Inclinato
1133 1709 1226 1788 coeIo
1240 1706 1320 1807 suo,

254 1830 332 1889 non
358 1812 540 1902 corporali
559 1824 683 1901 motu,
722 1820 763 1879 ut
780 1806 994 1881 declinatum
1010 1812 1247 1887 descendente
1272 1836 1319 1887 eo

255 1915 385 1987 coelum
410 1911 470 1984 litt
512 1907 570 1985 sed
585 1931 648 2002 per
668 1907 897 1999 corporalem
914 1905 1205 2004 significationem
1226 1909 1321 2004 spiri·

255 2011 336 2085 talia
356 2004 470 2084 sensus
489 2004 691 2101 instruitur,
717 2023 758 2081 ut
777 2025 859 2082 cum
879 2004 963 2080 Deo
983 2007 1149 2096 somnus,
1175 2012 1319 2103 uigillae,

255 2110 451 2198 memoria,
484 2106 648 2197 oblivio,
674 2106 840 2180 discessus
863 2108 1070 2180 &accessus
1088 2105 1317 2198 adscribiturg

257 2210 341 2301 quia
367 2207 558 2282 secundum
583 2206 793 2282 meritorum
825 2205 1029 2280 nostrorum
1060 2203 1320 2301 differentiam,

256 2310 452 2409 unicuique
469 2305 629 2380 nostrum
650 2321 711 2379 aut
730 2304 934 2397 dormient,
969 2318 1032 2381 aut
1056 2309 1227 2403 vigilans,
1261 2323 1322 2381 aut

254 2407 469 2489 Immemor,
494 2419 556 2481 aut
573 2406 789 2496 recordans,
817 2420 878 2478 aut
893 2401 999 2488 desit,
1026 2423 1087 2481 aut
1108 2407 1203 2482 adsit.
1255 2410 1322 2482 tlt·

256 2530 329 2599 que
352 2510 402 2581 ita
425 2507 634 2588 inclinatum
656 2502 894 2580 descendente
917 2528 964 2579 eo
988 2505 1115 2582 coeIum
1140 2510 1208 2583 est:
1241 2512 1322 2600 quia

255 2628 339 2683 cum
356 2607 594 2681 descendente
612 2627 659 2679 eo
685 2605 728 2678 ad
749 2604 993 2681 assumendum
1009 2610 1188 2682 hominem
1211 2604 1321 2681 famu·

254 2706 351 2782 latua
378 2703 525 2778 coeleltia
551 2701 743 2798 adstiterit,
782 2723 863 2777 cum
889 2703 1006 2779 Maria
1029 2708 1320 2801 evangelizatur,
1378 2784 1382 2791 ,

256 2826 339 2881 cum
361 2799 520 2899 pastores
543 2805 736 2879 ethereum
758 2817 888 2880 coetum
915 2805 947 2878 dt
970 2804 1094 2880 sonum
1124 2807 1251 2880 uident
1271 2823 1321 2879 at·

253 2924 327 2998 que
354 2902 522 2996 audiunt,
559 2920 640 2978 cum
665 2901 746 2999 post
774 2909 1014 2981 tentationem
1038 2907 1171 2979 dlaboli
1193 2903 1323 3002 Angeli

253 3006 486 3094 minlstrant‚.
516 3018 597 3078 cum
614 3002 687 3098 Ipse
704 3018 805 3078 totus
826 2998 994 3079 informa
1012 3006 1098 3077 licet
1122 2998 1234 3096 servi,
1271 3022 1322 3078 ta·

255 3122 339 3181 men
362 3107 398 3177 ln
423 3116 580 3200 paterne
600 3099 788 3196 majestatis
812 3104 950 3176 virtute
971 3106 1006 3176 se
1025 3102 1131 3198 geffit.
1192 3102 1250 3176 Sic
1270 3107 1322 3175 ln·

256 3204 411 3280 clinatur
436 3205 583 3291 colum,
613 3220 695 3278 cum
715 3204 759 3278 ad
778 3217 889 3278 terras
907 3204 1097 3278 coelestium
1115 3200 1241 3277 Virtus
1256 3202 1322 3276 ho·

256 3321 401 3399 norque
420 3297 620 3378 deducitur.

363 3420 417 3478 ιι.
443 3400 485 3476 In
509 3421 556 3474 eo
583 3414 722 3493 autem,
763 3397 862 3492 quod
881 3397 963 3473 tatis
981 3414 1126 3476 montet
1150 3392 1322 3494 fumigant

258 3495 403 3598 potius,
429 3518 533 3594 quam
553 3517 726 3594 uruntur,
754 3518 834 3575 cum
852 3516 971 3575 tamen
988 3502 1022 3572 ld
1039 3500 1196 3590 indicet,
1225 3498 1322 3590 quod

257 3598 437 3688 iunctura
472 3597 601 3675 deinde
624 3617 703 3676 cum
721 3592 991 3673 coruscantibus
1013 3599 1321 3672 coruscationibus

260 3697 609 3792 dissipantur-potius,
637 3692 979 3791 qnam-illucescunt3
1006 3694 1321 3787 tumqundemisiu

257 3793 394 3895 sagittis
412 3804 675 3874 conturbantur
691 3802 820 3895 magia,
849 3814 952 3891 quam
970 3794 1219 3893 configuntur:
1246 3814 1322 3873 non

257 3894 332 3975 stne
350 3894 500 3971 maxima
517 3901 659 3974 tatIone
675 3894 836 3993 spiritalis
851 3898 1095 3991 intelligentie
1112 3896 1161 3969 ita
1180 3896 1321 3974 dicitur.

258 3990 310 4073 Et
336 3997 478 4089 quidem
500 4000 570 4090 jam
597 4000 630 4071 dt
655 3999 742 4072 aliua
764 3998 916 4072 Psalmua
939 3998 992 4071 lrit
1011 3998 1106 4092 paria
1125 3992 1323 4091 srgnfficat‚

253 4114 344 4177 cum
359 4094 426 4173 ait:
452 4094 654 4193 Prepartna
673 4112 817 4270 munker
833 4101 869 4172 in
886 4100 1022 4173 uirtute
1035 4109 1118 4191 tna,
1145 4093 1323 4170 accinctus

817 4212 840 4271 ι
1145 4208 1288 4289 notan·
