3317 4900
321 447 395 555 ige
603 493 606 500 ,
661 401 1308 534 ssime-aevis*-⁴···'''

325 619 481 714 emplum
498 617 571 691 oiei
588 616 822 691 exultationis
837 620 1126 714 perungebatur,
1153 627 1289 714 gratum
1304 616 1397 692 Ded

262 767 264 774 ·
326 727 374 806 e'x
403 718 436 792 se
462 715 599 792 fidei&
625 719 841 792 innocentiae
862 719 1014 791 odorem
1040 719 1222 810 prebens:
1254 720 1304 791 ita
1326 718 1398 792 bo·

327 840 413 897 num
438 817 472 891 dt
496 817 692 910 jucundum
714 817 765 890 esi
782 819 945 890 habitare
966 817 1093 890 fratres
1110 818 1145 889 in
1162 837 1292 909 unum,
1327 837 1397 910 per

329 918 428 1012 quod
442 917 653 990 unanimitas
671 918 868 994 voluntatis
888 918 1068 1010 ejusdem,
1100 916 1222 1012 primia
1240 917 1396 991 &maxi-

327 1022 395 1096 mia
412 1017 635 1091 sacramentis
650 1018 832 1102 bonorum
849 1015 1040 1091 coeleiiium
1062 1030 1304 1109 comparatur.

366 1181 368 1186 .
428 1138 463 1208 5.
492 1115 684 1189 Descendit
706 1129 825 1189 autem
848 1131 1068 1211 unguentum
1096 1117 1249 1208 acapite
1266 1117 1303 1189 in
1318 1120 1399 1189 bar·

330 1215 425 1294 bam.
473 1215 588 1289 Barba
604 1215 716 1287 virilis
734 1216 846 1287 aetatis
864 1231 1011 1290 ornatus
1032 1215 1092 1293 est.
1152 1216 1285 1307 Neque
1302 1219 1398 1292 enim

331 1327 403 1410 nos
424 1316 598 1409 parvulos
620 1313 738 1387 essem
760 1312 901 1388 Christo
921 1331 1092 1410 oportet,
1128 1315 1190 1388 nisi
1213 1316 1256 1387 ad
1272 1317 1307 1387 id
1323 1331 1401 1388 tan·

332 1427 432 1504 tum,
471 1414 567 1505 quod
584 1413 712 1489 ditium
738 1413 805 1487 est:
840 1413 982 1488 Parvuli
1002 1417 1152 1504 malitia,
1187 1437 1261 1488 non
1284 1414 1399 1491 sensu.

334 1503 501 1616 [infideles
516 1527 633 1588 autem
653 1535 778 1594 omnes
794 1514 887 1589 idem
908 1514 1106 1608 Apostolus
1122 1518 1294 1606 parvulos
1315 1507 1400 1608 esse,

337 1615 419 1708 'quia
438 1609 594 1686 infirmes
613 1614 656 1685 ad
674 1616 791 1688 eibum
807 1610 947 1688 smmum
968 1629 1151 1687 manentes
1170 1616 1284 1687 adhuc
1301 1614 1401 1688 latiis

335 1722 487 1809 ‘egeant3
515 1713 681 1809 objurgat
698 1715 836 1787 dicens:
868 1713 976 1810 Laste
992 1733 1061 1785 vos
1081 1715 1229 1806 potavi,
1255 1735 1331 1787 non
1354 1715 1402 1787 ci·

330 1813 407 1888 bo:
433 1813 594 1886 nondum
617 1814 709 1886 enim
726 1816 921 1905 poteratis,
948 1813 1004 1886 sed
1025 1834 1142 1903 neque
1161 1814 1277 1887 adhuc
1297 1830 1402 1907 pote·

337 1909 411 1990 stis.
463 1911 520 1983 De
537 1911 570 1984 se
586 1909 703 1987 autem
720 1915 788 1986 ita:
815 1911 903 1985 Cum
923 1911 1034 1985 sadius
1049 1910 1122 1986 sum
1140 1916 1215 2005 vir,
1242 1935 1296 2002 ea,
1325 1934 1402 2004 que

338 2009 420 2088 sunt
439 2014 604 2103 parvuli,
632 2013 815 2101 dereliqui.
868 2011 1074 2085 Occurrere
1092 2034 1185 2085 vero
1207 2015 1242 2086 in
1261 2014 1297 2085 id
1312 2013 1406 2087 sesti·

295 2199 299 2208 1
338 2119 433 2205 nat,
462 2114 498 2183 in
530 2112 646 2186 virum
672 2109 975 2198 consummatum,
1010 2112 1047 2184 in
1070 2111 1267 2187 mensuram
1291 2115 1405 2186 etatis

342 2211 575 2306 plenitudinis
594 2213 759 2301 corporis
777 2209 917 2289 Christi.
969 2212 1201 2308 Unguentum
1219 2213 1293 2284 hoc
1317 2209 1404 2308 engd

339 2315 381 2381 'in
397 2313 520 2380 barbam
536 2315 665 2394 Aaron,
694 2310 729 2381 id
744 2309 818 2400 est,
844 2313 880 2385 in
903 2310 1153 2385 consummate
1170 2309 1262 2389 fidei,
1275 2315 1407 2392 vitum,

343 2410 526 2507 descendit
552 2431 571 2483 a
596 2416 725 2504 capite.
786 2408 923 2504 Caput,
952 2411 1141 2488 secundum
1167 2409 1407 2505 Apostolum,

333 2513 413 2584 viri
439 2510 597 2584 Christus
611 2509 681 2602 est,
709 2509 857 2604 Moyses
875 2514 1091 2608 unguentum
1108 2512 1181 2582 hoc
1201 2512 1409 2603 composuit

345 2608 576 2698 &consedit3
593 2610 650 2683 sed
660 2612 951 2702 componendum
963 2612 994 2683 de
1006 2610 1298 2684 confundendum
1309 2612 1409 2685 Deus

345 2709 493 2803 docuit,
521 2710 553 2782 u
573 2710 673 2808 Deus
692 2712 868 2784 mediator
892 2715 926 2784 in
944 2714 1035 2806 lege.
1086 2710 1145 2783 De
1164 2711 1281 2802 capite
1297 2730 1409 2807 ergo,

343 2808 471 2899 idest,
497 2810 541 2883 de
561 2808 702 2884 Christo
720 2809 902 2884 descendit
919 2813 955 2882 in
973 2812 1135 2885 barbam:
1170 2810 1262 2883 &ab
1284 2832 1330 2883 eo
1350 2810 1412 2882 de·

346 2904 504 2998 stendit,
531 2911 589 2982 cui
606 2909 734 2984 dicium
752 2909 818 2983 est:
853 2910 1086 3004 Unguentum
1103 2912 1317 2983 exinanitum
1340 2930 1410 2980 no·

346 3028 429 3083 men
452 3014 565 3085 tuum.
617 3007 810 3082 Descendit
828 3025 944 3082 autem
960 3011 994 3080 in
1013 3030 1113 3090 eum,
1140 3012 1198 3100 qui
1219 3030 1281 3102 per
1295 3012 1411 3081 etatis

226 3136 230 3143 ¹
347 3103 590 3182 infirmitatem
607 3109 867 3181 indemutabilia
885 3107 970 3180 esset
988 3106 1071 3181 fidei
1088 3105 1256 3182 firmitate
1274 3107 1410 3181 mansu·

348 3225 420 3282 rus.
473 3204 666 3281 Descendit
687 3222 803 3288 autem
819 3209 923 3282 etiam
940 3214 1074 3279 ineram
1092 3207 1281 3303 vestimenti.
1334 3205 1413 3281 Or'a

351 3304 554 3379 vestimenti
581 3330 623 3380 ea
647 3306 746 3398 sunt,
764 3377 766 3381 ,
785 3327 862 3398 quae
885 3328 998 3398 usque
1020 3306 1062 3380 ad
1092 3309 1200 3400 pedes
1225 3307 1410 3397 defluunt,

348 3424 415 3499 per
437 3405 534 3496 quod
553 3407 596 3480 ad
614 3428 722 3480 omne
741 3429 873 3500 corpus
888 3410 946 3480 hic
960 3409 1131 3503 unguenti
1149 3406 1243 3477 odor
1260 3428 1277 3477 a
1294 3409 1413 3498 capite

349 3506 387 3579 in
410 3506 576 3603 batham,
616 3506 650 3579 u
672 3507 799 3580 deinde
817 3509 859 3579 ad
880 3507 1079 3582 vestimenti
1102 3527 1200 3578 oram
1219 3503 1413 3580 descendit.

349 3602 391 3679 In
407 3605 460 3677 his
477 3618 594 3678 autem
610 3607 829 3699 mulieribus,
858 3627 934 3697 quae
955 3619 1129 3704 ungentes
1145 3605 1343 3679 Dominum
1359 3619 1413 3697 ty·

351 3725 435 3798 pum
455 3702 617 3778 Ecclesiae
632 3707 666 3778 in
678 3703 878 3803 Evangelio
892 3709 1138 3798 ptaetuietunt
1165 3706 1415 3796 itadocemur,

338 3805 450 3895 ‘quod
472 3825 543 3879 una
563 3820 691 3898 caput,
725 3807 790 3878 alia
807 3806 917 3899 pedes
934 3807 1095 3879 unxerit:
1129 3827 1194 3902 pen
1209 3805 1305 3896 quod
1322 3824 1413 3893 quae·

353 3922 423 3994 que
442 3904 561 3980 earum
575 3900 788 4001 significatur
803 3907 838 3978 in
857 3921 956 4000 parte
975 3907 1141 3998 eorporis
1162 3926 1269 3979 omne
1280 3920 1413 3992 corpus

351 4000 500 4077 unxisse.
533 4003 1285 4101 Mediaitaquecorporispraetermiisasunt.
1317 4000 1416 4074 Nam

351 4101 434 4173 dum
458 4120 523 4175 ora
547 4104 748 4176 vestimenti
773 4103 931 4180 &barba
945 4119 1212 4197 memorantur,
1247 4124 1356 4175 omne
1376 4101 1418 4173 in

275 4226 288 4336 g
326 4199 397 4278 'bie
415 4220 556 4301 eorpus
574 4203 790 4287 ostenditur.
843 4240 848 4253 ·
1180 4299 1185 4307 ι
1227 4206 1262 4276 ό.
1289 4201 1365 4273 Ad-
