3317 4900
339 476 460 532 extu
566 450 774 572 Suuune.
803 450 1172 544 Curre-connisa.

331 619 386 704 'rb
404 613 718 708 Ecclefiehsberi,
745 616 855 710 quiin
870 616 1098 710 criminibus,
1124 617 1415 718 rsit-quiinsam

341 741 462 820 &itate
491 736 603 810 vitam
623 734 816 830 degerunt,
854 737 1018 828 adeoque
1033 739 1191 832 peccatis
1213 760 1276 834 per
1294 743 1415 830 poenie

338 862 489 938 tentiam
507 856 663 931 habenas
681 871 757 928 non
776 855 898 932 laseri.
923 917 926 924 .
956 855 1140 952 Deinceps
1162 879 1256 934 vero
1272 864 1408 954 probat
1444 831 1448 858 ⁴

258 961 261 968 ¹
339 1003 418 1060 non
439 979 540 1054 aliter
562 997 604 1050 ce
620 976 657 1048 in
677 958 718 1058 re
737 972 930 1050 Ecclesiam
946 973 981 1049 se
995 998 1140 1072 gerere,
1163 1000 1268 1071 quam
1283 984 1410 1056 sienis

340 1124 408 1184 nus
424 1096 496 1195 ipse
510 1095 592 1192 post
604 1092 763 1170 cassiam
778 1095 892 1168 vitam
909 1096 1064 1174 nostram
1079 1100 1149 1174 sese
1168 1122 1250 1199 erge
1264 1123 1333 1177 nos
1345 1125 1408 1200 ge-

340 1226 409 1317 rit,
442 1239 523 1296 eum
547 1218 623 1290 aliis
641 1214 755 1290 statim
775 1209 858 1288 fidei
874 1215 908 1288 dt
924 1217 1070 1292 virtutis
1082 1221 1285 1294 mercedem
1301 1222 1408 1320 largi:

340 1359 420 1426 tur,
446 1341 535 1415 alios
550 1339 587 1410 in
606 1353 784 1408 carcerem
805 1334 935 1427 mittit,
962 1336 1081 1411 donec
1098 1340 1408 1418 reddantnovillid

339 1486 437 1542 mum
453 1458 703 1554 quadrantem
730 1455 841 1544 alios,
868 1456 929 1546 qui
946 1474 1095 1547 peccata
1111 1461 1231 1536 omnis
1247 1460 1406 1553 passione

340 1593 559 1692 purgarunt,
590 1575 705 1652 statim
722 1588 901 1666 coronat,
927 1575 1039 1670 elios,
1066 1581 1194 1670 quibus
1214 1582 1326 1655 inulta
1347 1603 1411 1672 req

338 1707 431 1784 stant
458 1698 701 1791 emundanda,
732 1695 873 1768 diutino
894 1696 977 1791 igne
990 1713 1137 1793 purgat,
1175 1700 1402 1782 &emundat

338 1829 438 1908 Hinc
449 1842 526 1898 non
537 1816 664 1928 srustra
681 1814 816 1890 censuit
830 1813 1004 1890 Pamelius
1020 1838 1100 1890 cum
1115 1820 1191 1892 aliis
1205 1824 1298 1894 bene
1314 1825 1404 1896 mul·

299 1961 303 1967 '
338 1951 407 2040 tis,
444 1940 610 2016 temese
629 1937 675 2012 de
700 1937 784 2033 igne
803 1937 1016 2032 purgatorio
1034 1933 1142 2014 sidem
1162 1962 1210 2015 eo
1229 1938 1404 2037 Cypriani

338 2069 428 2144 loco
443 2059 646 2157 approbari.

348 2241 350 2248 .
438 2182 573 2257 Eadem
595 2195 670 2251 non
696 2173 812 2251 minus
836 2172 1075 2272 confirmant,
1100 2200 1178 2272 que
1198 2181 1255 2254 alii
1274 2179 1399 2256 Patres

339 2308 480 2403 deigne
498 2297 627 2396 Judicii
648 2296 838 2381 tradidere.

348 2496 350 2501 .
437 2413 1398 2515 DehocipsoJ‘udiciiignevariaemoventurquaestio·

336 2571 414 2627 nes.
480 2565 511 2617 1.
538 2538 599 2614 An
627 2556 708 2612 eum
737 2536 894 2611 Hilarius
926 2541 1053 2630 aliique
1081 2540 1201 2615 Patres
1229 2544 1399 2617 omnibus

338 2669 489 2747 omnino
500 2657 718 2736 subeundum
732 2657 924 2733 senserint?
954 2682 984 2736 2.
996 2659 1105 2733 Unde
1116 2660 1189 2734 hoc
1204 2661 1400 2737 senserint?

340 2810 374 2885 3.
401 2787 460 2861 An
479 2779 696 2858 crediderint
709 2781 754 2853 ab
770 2800 817 2853 eo
833 2776 982 2854 Sindos
998 2803 1110 2876 poenae
1124 2783 1312 2873 quidquam
1325 2781 1398 2877 pas·

336 2904 466 2985 steros?
517 2926 553 2995 4.
577 2901 638 2972 An
658 2898 777 2993 ignens
800 2899 900 2974 illum
921 2902 1141 2994 opinatisrnt
1162 2903 1267 2980 alium
1287 2906 1331 2975 ab
1348 2924 1397 2979 eu

336 3032 440 3121 sore,
467 3045 540 3118 quo
557 3019 720 3095 diabolus
740 3039 822 3093 cum
837 3020 903 3095 suis
920 3023 956 3095 in
977 3038 1147 3096 eternum
1167 3023 1217 3096 est
1238 3027 1399 3097 crucian-

337 3146 430 3227 dus?
481 3165 516 3234 5.
539 3140 600 3214 An
616 3160 662 3212 ex
679 3138 878 3215 eorundem
892 3136 1068 3234 opinione
1083 3164 1191 3214 nemo
1209 3158 1291 3215 ante
1305 3144 1401 3234 judi·

336 3273 432 3347 cium
457 3266 532 3358 eius
556 3281 661 3359 poene
681 3258 880 3358 affligamus
913 3261 1064 3359 fingulas
1086 3266 1206 3358 paucis
1229 3260 1398 3355 perstrin-

360 3386 478 3467 anus!

336 3413 359 3491 Β
433 3502 475 3603 e)
499 3500 621 3600 Ignem
636 3499 762 3593 iudicii
786 3502 952 3575 omnibus
967 3498 1184 3575 subeundum
1198 3499 1267 3573 esse
1284 3498 1318 3575 se
1335 3525 1398 3577 ex·

273 3654 278 3675 ·
334 3629 509 3717 istimare,
533 3621 614 3695 satis
633 3620 769 3693 indicat
786 3621 941 3694 Hilarius
957 3622 994 3694 in
1007 3621 1057 3696 Ps.
1075 3630 1153 3701 118.
1171 3622 1223 3693 lit.
1240 3642 1271 3710 3.
1289 3628 1321 3713 §.
1339 3644 1393 3701 12.

334 3750 398 3825 ubi
418 3749 484 3820 ait:
519 3742 678 3816 Ancum
702 3744 863 3816 exomni
882 3739 1004 3815 otioso
1028 3742 1335 3815 verberationem
1353 3728 1393 3815 ss·

334 3888 414 3946 mus
426 3861 632 3959 prestituri,
658 3860 749 3936 diem
766 3861 890 3954 judieii
915 3858 1232 3954 concupiscemus,
1257 3865 1294 3934 in
1317 3882 1392 3953 quo

334 3989 441 4064 nobis
464 3981 515 4057 est
531 3985 592 4057 ille
607 3978 796 4057 indefessus
811 3981 903 4074 ignis
922 3980 1146 4073 subeundus,
1172 3984 1210 4055 in
1232 4003 1304 4072 quo
1316 3980 1395 4057 sub·

334 4098 547 4183 cunda-sunt
564 4103 757 4201 gravieilla
776 4100 959 4197 expianda
977 4105 1166 4197 spectetis
1180 4105 1302 4174 anime
1316 4101 1407 4199 sup·¹

1209 4220 1343 4316 plicia?
