3317 4900
338 475 387 561 46
526 451 533 458 ’
673 453 1150 537 5.ΗιιΑΜι’
1266 439 1271 448 ”

340 624 482 726 aggestu
502 623 576 699 fimi
593 634 676 696 ante
693 622 814 695 divitis
827 622 990 714 januam,
1017 621 1110 695 same
1126 623 1279 716 tabidus,
1305 627 1405 700 uice·

340 749 419 802 rum
436 726 528 800 sanie
541 723 701 798 defluens
718 721 875 810 sederat,
902 723 1048 794 canibus
1066 725 1217 796 vulnera
1233 722 1407 800 dissoluta

328 827 567 923 lingentibus.
627 821 696 895 Sed
718 825 792 895 haec
813 836 891 893 erat
904 821 1025 894 malita
1040 827 1227 914 corporis,
1251 824 1326 896 htec
1345 828 1407 900 ad·

341 928 483 1002 versum
497 923 650 998 seculum
662 943 789 1017 pugna.
841 921 1120 994 Interiustamen
1131 925 1327 1016 animaejus
1339 946 1405 1019 per

339 1026 448 1104 fidem
462 1024 752 1112 invulnerabilis,
779 1022 813 1093 br
835 1021 877 1092 ad
893 1042 1002 1094 omne
1019 1021 1128 1095 telum
1147 1025 1348 1116 voluptatis
1365 1047 1407 1098 at

341 1129 432 1202 vitia
448 1125 564 1200 invia:
600 1121 783 1194 &idcirco
799 1125 843 1192 ab
859 1120 1009 1216 Angelis
1026 1119 1109 1213 post
1126 1125 1239 1196 carnis
1257 1123 1405 1197 dissolu-

341 1231 481 1302 tionem
507 1225 611 1296 beata
634 1223 671 1294 in
698 1220 852 1293 Abrahae
876 1221 985 1293 sinum
1015 1221 1141 1294 fertur.
1200 1225 1264 1296 llle
1287 1246 1405 1318 vero,

254 1383 256 1390 .
343 1329 402 1402 cui
418 1325 533 1399 omnis
549 1336 625 1395 erat
642 1320 791 1400 vestitus
805 1323 842 1392 in
862 1340 1037 1414 purpura,
1072 1323 1127 1393 cui
1149 1324 1261 1398 totius
1279 1327 1408 1398 civita·

341 1429 389 1502 tis
407 1425 575 1498 nobilitas
593 1423 693 1517 gravi
709 1421 895 1493 dominatu
912 1418 1048 1492 subdita
1064 1419 1319 1514 famulabatur,
1347 1428 1407 1498 cui

343 1529 443 1614 seris,
472 1539 593 1613 terre,
627 1525 731 1593 maris
753 1522 867 1612 copie
886 1521 923 1591 in
939 1518 1036 1593 usum
1052 1524 1215 1594 convivii
1231 1543 1408 1618 congere·

256 1689 275 1700 .,
342 1629 487 1713 bantur,
513 1624 574 1694 uni
593 1621 711 1692 ventri
733 1622 807 1708 ejus
827 1617 953 1692 officiis
971 1622 1231 1694 elementorum
1242 1627 1406 1699 omnium

343 1723 599 1808 servientibus,
626 1721 684 1811 qui
703 1722 785 1791 huic
805 1722 952 1812 pauperi
967 1721 1108 1811 januam
1125 1722 1315 1814 clauserat,
1342 1727 1407 1798 mi·

343 1847 404 1898 crs
420 1821 597 1898 demensa
615 1820 822 1892 excidentes
840 1835 1048 1913 negaverat,
1075 1821 1108 1891 u
1126 1836 1303 1913 tamquam
1317 1844 1407 1897 con·

343 1925 525 1998 tumeliam
546 1919 639 1993 suam
660 1918 846 1991 occursum
869 1923 944 2010 ejus
966 1921 1267 2008 exprobraverat:
1300 1939 1408 1999 exce·-

344 2027 433 2098 dens
456 2023 551 2112 hoc,
585 2040 658 2111 quo
679 2021 770 2094 male
791 2017 870 2089 usus
885 2032 962 2090 erat
988 2039 1166 2113 corpore,
1192 2023 1408 2117 impenetra-

344 2125 407 2197 bili
426 2143 445 2195 a
462 2119 584 2194 sanbiis
607 2120 700 2193 chao
714 2116 913 2210 separatur,
946 2120 1044 2191 omni
1059 2141 1240 2212 poenarum
1255 2123 1407 2196 ministe

343 2225 402 2297 rio
422 2224 620 2314 excipitur,
654 2219 776 2308 dolet,
808 2233 981 2310 vexatur,
1014 2222 1232 2313 amburitur,
1259 2225 1408 2296 irrorari

346 2322 406 2415 se,
432 2344 473 2394 ac
492 2319 695 2414 refrigerari
709 2317 856 2390 minimo
875 2319 989 2416 digito
1009 2319 1261 2410 requiescentis
1280 2324 1316 2395 in
1331 2323 1408 2396 sinu

347 2421 503 2497 Abrahae
519 2418 684 2516 pauperis
704 2419 928 2510 deprecatur.
982 2416 1049 2491 Cui
1067 2420 1246 2496 Abraham
1259 2420 1408 2516 respon·

244 2560 251 2573 ··
343 2520 418 2598 ¹(litt
444 2521 531 2613 Fili,
558 2518 770 2608 recordare,
798 2519 878 2609 quia
894 2517 1056 2610 recepisti
1074 2521 1170 2593 bona
1185 2521 1221 2594 in
1236 2523 1313 2594 vita
1332 2540 1408 2616 tua,

348 2623 383 2697 br
400 2624 557 2696 Lazarus
572 2619 728 2692 similiter
745 2620 849 2689 mala:
874 2640 970 2691 nunc
987 2634 1103 2692 autem
1116 2621 1173 2692 hic
1188 2622 1410 2725 consolatur,

320 2734 327 2741 ·
348 2737 390 2795 tu
404 2742 496 2795 vero
509 2718 686 2791 cruciaris.
736 2714 795 2790 Fit
810 2720 946 2791 alterna
962 2720 1172 2793 conversio:
1199 2722 1411 2794 &demuta-

348 2835 408 2894 tur
424 2821 547 2892 laetitia
569 2821 607 2890 in
631 2836 838 2909 merorem,
872 2819 1056 2890 &meror
1072 2821 1109 2892 in
1131 2823 1306 2916 gaudium.
1359 2820 1410 2894 Et

347 2920 555 3009 videamus,
588 2938 632 2990 an
654 2914 820 3009 idipsum,
855 2918 952 3009 quod
969 2916 1205 3016 Evangelium
1222 2918 1412 3015 exposuit,

347 3040 445 3095 nunc
461 3038 607 3108 quoque
622 3014 804 3111 Propheta
820 3012 1002 3112 significet.

453 3138 509 3192 12.
536 3115 601 3188 Ait
614 3136 783 3206 namque:
815 3118 1021 3210 opprobrium
1036 3118 1291 3206 abundantibus,
1318 3128 1358 3195 tt
1375 3148 1412 3191 a·

330 3219 505 3316 Jpemario
519 3216 671 3311 superbis.
730 3214 814 3287 Post
834 3214 1053 3308 superiores,
1086 3240 1171 3309 quas
1190 3238 1413 3293 commemo·

348 3321 526 3410 ravimus,
551 3315 798 3389 insebtationes
814 3336 957 3410 regum,
986 3322 1163 3412 gentium,
1189 3319 1412 3413 Judaeorum‚

349 3418 620 3506 hereticorum,
649 3430 756 3505 atque
776 3417 881 3488 etiam
901 3415 989 3506 saepe
1005 3418 1223 3507 nostrorum,
1248 3416 1413 3493 factahic

349 3538 495 3609 quoque
511 3513 562 3588 est
577 3515 784 3607 evangelica
798 3516 1012 3602 conversio,
1038 3531 1079 3589 ut
1092 3517 1355 3591 abundantibus
1371 3520 1438 3592 site

350 3616 602 3709 opprobrium,
628 3611 826 3704 &superbis
838 3613 1048 3706 aspernatio.
1098 3616 1414 3706 Superbiaincon·

349 3729 529 3807 temtum,
569 3715 602 3787 ta
637 3713 742 3804 copia
770 3729 927 3785 mutatur
964 3718 999 3785 in
1034 3715 1216 3803 inopiam:
1259 3716 1409 3789 rursum·

350 3834 420 3903 que
447 3815 479 3887 bt
503 3826 709 3889 contemtus
727 3814 764 3883 in
789 3813 1003 3907 superbiam,
1040 3815 1072 3884 bc
1098 3815 1221 3906 inopia
1251 3816 1410 3888 demuta-

350 3928 409 3986 tur
431 3915 465 3985 in
489 3916 649 4006 copiam:
683 3910 864 4004 Propheta
889 3930 1078 4003 utrumque
1100 3912 1189 3986 istud
1213 3937 1274 4009 per
1295 3918 1410 3988 verba

350 4012 474 4087 eadem
488 4011 727 4102 monstrante,
753 4032 834 4086 cum
848 4013 950 4085 dicit:
989 4016 1192 4107 opprobrium
1215 4016 1410 4085 alentonii·

349 4113 416 4204 ius,
442 4110 481 4190 u
496 4115 672 4211 aspernatio
678 4110 816 4209 [inperiis
823 4135 836 4202 5
861 4113 1160 4205 srvequod-modo
1172 4116 1413 4208 opprobrium

1218 4214 1360 4306 serant,
