3317 4900
219 525 220 532 Ν
335 445 337 450 ’
414 441 416 448 ’
484 475 588 552 gns
609 447 1043 533 semmurum
1223 473 1327 534 uxr

218 631 220 720 l
262 621 340 713 quis
353 616 572 710 consentiat,
595 593 1112 705 hancliilariotutcarnalem
1134 618 1326 692 tutminur

263 743 394 815 claram
412 735 515 814 fuiss'e
529 736 697 833 angelice
711 749 848 810 netttrae
863 738 1132 833 cognitionem,
1157 738 1340 829 queillot'
1390 721 1394 738 ¹

261 861 297 935 in
317 860 414 932 coelo
430 857 540 950 srmul,
567 856 656 930 &in
670 869 779 946 terra,
802 855 1009 933 hominibus
1024 877 1135 955 opem
1146 857 1324 955 ferentes,

261 978 532 1070 tsfistentetque
548 976 633 1050 Deo
654 973 867 1053 constituit?
905 995 914 1050 τ.
968 1003 974 1010 ·
1046 1043 1050 1050 ,

291 1105 299 1114 ’
359 1099 424 1174 De
441 1100 548 1173 variis
564 1097 786 1193 Angelorum
804 1095 990 1185 ordinibus
1004 1097 1328 1176 nihil-ueniretob·

263 1217 500 1312 servandum,
531 1218 594 1293 nist
612 1217 818 1292 Cotelerius
842 1219 878 1292 in
897 1217 959 1294 lib.
983 1224 1015 1297 8.
1032 1214 1176 1294 constit.
1195 1216 1326 1313 upon

263 1339 434 1434 notaffet,
460 1341 497 1416 in
516 1340 571 1414 his
587 1339 712 1413 Hilarii
731 1339 791 1413 lib.
815 1358 849 1414 α.
868 1338 913 1408 de
926 1335 1060 1417 Trinit.
1073 1342 1107 1433 i
1119 1359 1155 1435 9.
1179 1336 1327 1432 „Arch-

265 1463 381 1563 angeli
393 1459 573 1549 nesciunt,
598 1457 820 1554 Angelinon
834 1459 1034 1551 audierunt,
1058 1457 1329 1536 seculrnonte

265 1583 414 1677 nent,“
447 1576 650 1654 seculorum
672 1577 821 1652 nomine
835 1596 974 1654 nouum
990 1579 1218 1676 Angelorum
1232 1579 1330 1654 ordi-

266 1723 351 1780 nem·
365 1699 556 1797 uesrgnari.
607 1698 660 1771 At
682 1697 850 1791 opinioni
868 1697 961 1772 illius
983 1696 1143 1774 assentiri
1157 1700 1329 1794 prohibe·
1401 1739 1404 1745 Δ

268 1823 494 1916 murprimo‚
519 1818 632 1911 quod,
658 1836 741 1892 cum
755 1816 913 1890 Hilarius
927 1815 1099 1913 seoiffime
1115 1822 1239 1896 varios
1252 1819 1332 1896 An·

267 1945 434 2042 gelorum
451 1953 635 2012 enumeret
654 1939 816 2031 ordines,
840 1956 1016 2031 nusquam
1032 1936 1331 2022 intereossecula

267 2041 520 2157 cognominet.
565 2058 706 2132 Deinde
714 2059 750 2133 in
759 2055 1071 2134 commentariisin
1080 2055 1233 2135 Psalmos
1241 2060 1331 2158 sepe
1393 2033 1398 2058 ⁸

268 2183 307 2258 ei
324 2177 561 2282 enarrandum
576 2180 737 2252 occurrit
757 2174 864 2251 seculi
881 2177 1037 2270 nomeu,
1061 2175 1122 2254 sed
1139 2198 1186 2252 ne
1203 2180 1241 2252 in
1255 2201 1332 2258 uno

268 2299 413 2398 quidem
439 2299 529 2373 loto
555 2298 889 2391 interpretationem
912 2297 956 2373 td
981 2295 1144 2397 Angelos
1165 2297 1335 2381 defleuit

268 2423 385 2501 lmmo
402 2421 440 2497 in
457 2417 508 2498 Pi.
521 2422 581 2509 65.
596 2426 625 2512 ς.
639 2418 742 2496 1ιά
761 2407 1208 2511 13.viniocisausvdetr
1222 2439 1337 2516 opert

270 2541 505 2637 expendens,
530 2542 599 2616 hac
617 2540 730 2615 nescit
748 2528 953 2632 quidquem,
978 2538 1042 2615 nist
1057 2540 1335 2623 determinatum

272 2657 641 2758 tempusfigoifioari..
676 2660 789 2757 Quod
799 2660 934 2733 indicio
944 2658 1009 2744 est,
1033 2680 1114 2737 eum
1124 2659 1337 2747 Graecorum

271 2780 502 2877 quorundam
518 2800 636 2854 eones
652 2796 713 2854 aut
727 2778 924 2876 ignoratio,
950 2794 1013 2853 eut
1027 2778 1206 2877 respuisse,
1230 2800 1337 2861 utreb

272 2922 364 2978 uera
379 2903 402 2978 l.
420 2905 455 2974 6.
467 2897 652 2978 deTrinit.
662 2906 695 2994 §.
705 2922 740 2998 9.
752 2898 1221 2999 respuitthentinieoues,
1246 2926 1340 3002 quoe
1423 2931 1428 2939 ’

275 3023 327 3101 ibi
340 3025 546 3110 eternitates,
572 3043 648 3096 non
656 3023 759 3113 faula
775 3034 972 3115 nuncupat.
1021 3020 1209 3099 Postremo
1222 3023 1340 3103 ioculo

277 3145 386 3219 etiam
411 3143 495 3215 alies
519 3159 714 3235 memorat,
747 3141 807 3215 sed
830 3162 877 3216 ne
895 3142 957 3215 vel
979 3137 1086 3217 semel
1100 3143 1174 3219 hoo
1191 3147 1341 3227 nomine

280 3262 449 3360 Angelos
469 3262 647 3357 intelligit.
697 3261 772 3337 Nifi
791 3260 891 3334 forte
913 3280 995 3336 oum
1008 3264 1046 3337 iu
1069 3284 1117 3339 eo
1135 3263 1213 3361 ipso
1227 3260 1290 3342 lib.
1308 3287 1342 3341 2.

277 3389 386 3479 §.13.
404 3381 474 3456 ait:
499 3378 967 3474 „Transeunturtempora,
993 3388 1284 3461 transmittuntur
1294 3382 1345 3461 se·

281 3505 384 3595 cula,
410 3501 589 3574 tolluntur
605 3504 899 3578 eternitates.“·
928 3485 1100 3581 Et'tnoxt
1124 3505 1269 3597 „Meus
1287 3524 1355 3586 uu,

281 3637 358 3697 tem
381 3619 536 3714 piscator
562 3621 770 3713 illiteratus,
803 3618 990 3716 indubius,
1023 3627 1349 3719 liberatempore,
1438 3644 1440 3649 ·

280 3739 661 3824 solutusaseculisest,
687 3742 778 3815 vicit
793 3744 1178 3839 omnoprincipiurn.“
1227 3742 1349 3825 Etiib.

284 3865 321 3938 6.
338 3860 370 3954 i.
391 3882 448 3953 37.
474 3858 773 3950 „Sacramentum
789 3865 975 3938 occultum
991 3864 1148 3940 aleculis
1166 3874 1231 3961 pel·
1245 3880 1353 3942 reve·

239 3966 242 3981 ’
283 3984 461 4085 lotionem
473 3979 598 4053 Petrus
609 3982 788 4083 didicit:“
811 3982 1250 4081 secutanngelosdixeris,
1274 3996 1353 4065 oon

287 4117 470 4200 tempora.
522 4099 649 4196 Itaque
665 4102 764 4195 quod
783 4124 802 4179 e
823 4102 1016 4199 Prophetis
1031 4104 1239 4206 iimplitiust
1264 4106 1357 4200 Asi·
1406 4174 1411 4181 .

1238 4228 1308 4305 trit
