3317 4900
301 459 1192 570 Tarentus'ruCXXXVllil'satuuu
1245 471 1320 573 ing

254 637 477 731 manuum
495 623 553 720 mi.
579 635 717 745 ²Qu0a
728 644 878 740 foruna
892 639 1035 735 atraere,
1061 631 1238 712 inunum
1252 635 1321 710 hu·

254 763 367 836 mana
390 750 437 824 de
461 746 498 822 se
522 745 729 841 opinionis,
764 763 834 836 qua
851 743 980 815 timere
1002 737 1140 813 inferos
1160 737 1319 811 creditus

253 856 327 949 est,
351 850 643 930 irriliterrorem.
668 847 671 854 '
700 842 823 919 Nemo
845 842 940 917 enim
962 838 1168 915 conculcari
1187 836 1222 913 se
1242 863 1319 918 cer·

254 969 339 1050 tus,
364 951 459 1024 idem
472 945 629 1040 rursum,
655 965 700 1021 au
722 945 980 1035 conculcetur,
1004 943 1163 1018 incertus
1187 942 1249 1021 est.

304 1130 307 1134 ,
360 1054 418 1128 26.
444 1048 497 1125 Ut
505 1059 623 1121 autem
634 1043 722 1138 hoc,
747 1045 846 1137 quod
858 1043 924 1118 ait:
956 1048 1101 1142 ilrfirau
1110 1050 1239 1122 tenebra
1249 1076 1322 1122 can.

257 1154 422 1228 culcaluut
433 1173 501 1242 ne,
525 1167 602 1221 non
620 1145 664 1219 ad
674 1159 816 1221 naturae
830 1141 898 1216 suae
910 1145 1187 1239 trepidationem
1202 1149 1321 1243 pollet

259 1251 431 1350 intelligi,
454 1246 521 1324 sed·
532 1247 649 1341 impia
667 1244 713 1318 de
730 1244 766 1318 se
783 1244 1027 1343 intelligentiae
1047 1246 1255 1346 significaret
1268 1253 1321 1329 in·

261 1368 419 1445 certum,
446 1348 624 1423 continuo
642 1342 809 1439 subjecit:
846 1347 893 1417 Et
908 1370 971 1417 uox
985 1349 1174 1420 mummulo
1187 1343 1227 1420 ἐπ’
1242 1356 1323 1423 deli.

258 1463 317 1528 ciis
337 1457 425 1527 meir,
488 1443 691 1547 Quomodo
716 1445 811 1518 enim
840 1447 1075 1522 conculcatur
1099 1451 1323 1549 atenebris,
1409 1483 1437 1539 ,-

259 1556 319 1630 cui
345 1569 443 1628 mors
459 1546 684 1622 villuminatio
704 1542 741 1617 in
759 1542 894 1617 deliciis
918 1546 960 1617 srt
976 1545 1120 1623 futura?
1160 1549 1325 1626 Domino

260 1659 383 1752 itaque
395 1647 504 1748 pallio
521 1646 584 1728 ista
598 1642 734 1718 deliciae
748 1640 848 1716 sunt:
873 1644 956 1718 dum
974 1662 1098 1739 portas
1110 1669 1217 1725 aereas
1234 1673 1325 1727 con·

261 1755 406 1849 fringit,
427 1749 526 1824 -dum
551 1743 674 1820 velles
698 1742 839 1820 ferreos
863 1745 1040 1838 conterit,
1076 1747 1158 1823 dum
1177 1771 1325 1833 omnem

261 1851 478 1954 potestatem
501 1844 693 1939 despoliat,
728 1843 813 1917 dum
841 1841 887 1917 de
912 1843 965 1917 his
988 1845 1026 1917 in
1050 1844 1085 1921 se
1107 1843 1329 1948 triumphat,

264 1957 351 2030 dum
367 1971 472 2041 eum,
498 1968 602 2039 quem
616 1943 659 2016 ati
673 1943 860 2040 imaginem
877 1941 971 2017 suam
987 1942 1143 2041 fecerat,
1168 1951 1328 2044 redimit,

265 2055 351 2127 dum
369 2046 505 2122 deliciis
521 2043 667 2138 paradisr
688 2044 853 2122 restituit.
912 2041 955 2117 In
971 2043 1025 2117 his
1043 2046 1149 2143 igitur
1163 2050 1328 2140 pallronir

268 2145 540 2227 oblectamentis
559 2155 666 2236 atque
683 2143 817 2219 deliciis
828 2162 907 2217 nox
924 2144 956 2217 ei
971 2144 1183 2220 illuminatio
1201 2148 1267 2221 est:
1294 2149 1330 2226 dt

266 2246 486 2329 illuminatio
504 2244 555 2337 ob
574 2242 632 2325 id,
657 2248 732 2341 quia
749 2244 882 2314 tmabrae
895 2267 960 2315 uon
979 2244 1228 2331 obscurabuntur
1245 2274 1265 2319 a
1285 2266 1330 2332 te,

265 2349 337 2429 Per
358 2361 494 2424 natura
511 2342 685 2419 unitatem
709 2339 753 2415 ad
770 2341 1062 2420 indemutabilem
1078 2343 1273 2422 divinitatis
1292 2341 1335 2423 tl-

267 2450 507 2530 militudinem
520 2445 559 2521 in
576 2441 669 2518 Filio
689 2439 794 2514 Pater
810 2440 881 2531 est3
909 2441 962 2531 bt,
989 2449 1160 2538 operibus
1180 2446 1259 2543 ipsis
1279 2461 1334 2522 te·

268 2551 459 2642 stantibus,
484 2544 583 2639 quod
600 2546 638 2618 in
657 2562 704 2616 eo
722 2541 827 2616 Pater
843 2543 899 2637 srt,
925 2543 1151 2623 confidenter
1163 2551 1227 2621 ait:
1254 2551 1334 2645 diors,

271 2649 521 2740 obscurabuntur
542 2672 563 2716 a
581 2660 633 2728 tet
670 2643 751 2737 quia
774 2664 819 2716 ex
841 2640 992 2736 persona
1015 2644 1129 2720 Patris
1145 2647 1274 2722 dilium
1294 2651 1335 2727 itr'
1361 2698 1368 2711 ·

271 2747 416 2826 Psalmis
430 2744 711 2820 meminerimus:
746 2737 838 2816 Cum
852 2741 929 2835 ipso
950 2742 1073 2823 lumin
1090 2749 1334 2831 tribulatione.

269 2847 324 2925 Er
341 2845 416 2940 ipse
426 2844 604 2920 Dominus
616 2842 653 2916 in
670 2839 891 2939 Evangeliis,
917 2862 997 2917 curn
1014 2845 1059 2920 de
1077 2844 1339 2942 Apostolorum

271 2946 518 3044 trepidatione
538 2944 771 3035 loquetetur,
805 2941 872 3016 ait:
909 2940 1009 3017 Ecce
1029 2947 1131 3020 venit
1150 2947 1262 3039 hora,
1295 2960 1339 3023 ut

275 3047 500 3144 dispergatur
518 3042 760 3135 unusquisque
777 3038 957 3136 vestrum,
983 3040 1017 3116 dr
1034 3066 1092 3120 me
1105 3044 1218 3121 solum
1233 3047 1338 3121 relin-

275 3150 407 3239 quatis:
434 3142 582 3221 sednon
596 3140 669 3216 sum
682 3139 793 3236 solus,
819 3143 988 3233 quoniam
1006 3142 1109 3220 Pater
1124 3168 1262 3221 mecum
1276 3145 1339 3225 est.

275 3248 363 3322 Sive
380 3247 540 3335 virtute,
567 3263 635 3335 qua
650 3239 771 3314 finilia
790 3238 884 3314 Patri
904 3241 1042 3336 potest3
1069 3244 1144 3320 save
1160 3260 1284 3321 nattrra
1304 3242 1341 3318 br

277 3367 430 3443 genere,
464 3343 499 3418 dr
523 3340 733 3433 diuinitate,
766 3359 836 3432 qua
858 3362 903 3415 ex
921 3340 1005 3416 Deo
1023 3342 1124 3421 Deus
1140 3361 1244 3422 natus
1266 3344 1340 3423 est:

279 3445 387 3519 Patet
410 3446 527 3520 secum
545 3441 613 3517 est:
647 3436 885 3516 Confidenter
898 3462 985 3539 ergo
1001 3443 1067 3520 ait:
1100 3446 1191 3539 Quia
1212 3445 1343 3521 tenebra

282 3568 351 3615 non
371 3544 616 3632 obscurabuntur
635 3557 714 3612 ote.
777 3536 867 3613 Non
885 3542 978 3617 enirn
992 3542 1099 3618 sentit
1113 3546 1228 3621 virtus
1246 3544 1346 3619 inde·

281 3643 461 3722 mutabilis
477 3643 664 3733 tenebras,
691 3636 913 3717 &infernam
932 3640 1075 3718 noctem
1090 3646 1153 3720 lux
1168 3664 1255 3717 vera
1268 3652 1346 3741 nou
1399 3640 1409 3713 ἑ

284 3744 431 3843 patitur.
482 3740 777 3835 Sequiturenim:
808 3738 856 3816 Et
869 3743 1016 3840 uoxficut
1025 3742 1347 3835 atramentarium

282 3846 363 3940 'ficut
391 3840 522 3913 tenebra
551 3847 641 3936 ejus,
680 3849 729 3911 ita
757 3840 797 3917 (7
828 3841 934 3914 lumen
962 3848 1038 3942 ejus.
1112 3842 1201 3919 Hoc
1224 3838 1347 3922 totuin¹

283 3945 330 4021 'ad
351 3942 387 4015 id
407 3940 585 4033 refertur,
622 3939 720 4032 quod
738 3938 867 4016 ditium
889 3941 960 4016 cst:
1003 3934 1150 4014 Teuthra
1169 3969 1233 4019 non
1250 3942 1352 4037 olscu-

288 4045 450 4115 raduntur
476 4068 496 4111 o
525 4056 581 4128 te,
620 4048 658 4117 U
685 4066 750 4112 nox
770 4040 852 4137 ficut
881 4045 945 4114 dies
976 4045 1213 4118 idaminubr'tut
1242 4065 1262 4119 a
1291 4036 1343 4117 ω’

287 4142 323 4216 ἃ
344 4144 419 4231 ficut
446 4141 582 4214 tenebra
601 4146 686 4240 ejus,
723 4147 771 4211 r'ru
792 4140 830 4218 U
854 4140 958 4212 lutum
982 4146 1050 4246 tjtrr
1072 4162 1096 4218 ι
1116 4156 1175 4224 (Ε.
1234 4094 1374 4214 Seru&

289 4243 419 4319 dietum
439 4269 462 4316 a
484 4258 536 4325 te,
571 4241 732 4320 refertur
758 4242 804 4322 ad
833 4243 1007 4342 plurima.
1066 4244 1171 4331 ideo
1196 4234 1389 4409 timp
