3317 4900
337 461 628 569 Teuranus
653 457 1231 546 rnCXXXVlH.Psaomonr.
1285 491 1357 569 ¹93

291 630 422 708 ceteris
445 640 565 699 aurem
587 625 755 716 quotiens
776 624 951 718 probatus
971 624 1041 717 est,
1078 627 1216 701 totiens'
1237 629 1270 702 dt
1291 652 1356 705 co·

289 733 411 830 gnitua
431 723 493 799 est.
544 722 669 796 Petrus
683 722 872 815 paffionem
888 724 1168 815 ejusdetestarus
1182 727 1246 821 est,
1274 751 1356 804 cru.

290 834 342 905 cia
361 831 399 901 in
422 845 470 899 eo
489 819 694 896 scandalum·
708 840 780 915 pre
807 842 930 897 amore
949 824 983 895 dt
1007 825 1173 899 consessae
1188 828 1260 919 jam
1276 852 1296 902 a
1316 831 1353 905 se

290 926 491 1005 divinitatis
509 923 720 1019 cognitione
734 942 810 994 non
826 919 1012 995 sustinens:
1034 924 1092 997 sed
1108 928 1189 1017 quia
1204 949 1286 1000 eum
1303 932 1353 1004 oh

290 1026 539 1105 infidelitatem
561 1024 678 1095 crucis
690 1020 845 1095 satanam
866 1024 1119 1115 nuncupasset,
1146 1047 1222 1098 non
1238 1030 1355 1103 multo

292 1127 390 1223 post,
404 1143 497 1197 ¹cum
507 1124 543 1194 in
556 1135 682 1196 monte
696 1123 818 1216 gloriae
833 1120 898 1194 sue
913 1121 1035 1197 habitu
1047 1122 1267 1210 constitisset,
1292 1129 1357 1202 tali

295 1247 317 1301 a
341 1225 444 1299 Patre
467 1239 565 1294 voce
588 1219 838 1317 cognoscitur:
873 1220 944 1294 Hic
966 1221 1017 1294 est
1035 1219 1127 1295 filius
1146 1245 1245 1298 meus
1270 1228 1356 1301 diie-

297 1327 387 1417 ἕως,
412 1323 536 1413 inquo
553 1320 768 1411 complacui,
794 1320 891 1393 hunc
907 1322 1036 1397 audite.
1085 1322 1355 1416 Probationem,

294 1443 399 1518 quam
417 1420 572 1495 tentatio
590 1419 758 1512 Apostoli
771 1417 964 1516 effecerat,
995 1435 1151 1516 paterne
1168 1425 1274 1499 vocis
1291 1446 1358 1499 co.

293 1525 410 1625 gnitio
428 1520 479 1594 est
496 1519 703 1592 consecuta.

393 1643 430 1715 7.
456 1618 603 1694 Dehinc
616 1616 789 1710 sequitur:
818 1616 995 1711 cognovisti
1004 1615 1166 1709 [effrenem
1179 1645 1290 1713 meam,
1314 1626 1357 1701 θ’

294 1717 550 1814 rehrrcfsionem
567 1741 676 1792 marn.
728 1714 766 1788 ln
783 1712 928 1789 seffione
944 1716 1136 1793 doctrinam
1155 1720 1357 1817 significari,

295 1821 503 1918 evangelica
520 1816 710 1893 auctoritas
728 1811 790 1892 est.
841 1813 1014 1889 Seihones
1031 1833 1148 1892 antem
1166 1824 1360 1899 nobiscum

295 1921 453 2010 haesunt,
480 1914 1194 2009 quaeaGraeciscathedrenuncuptntur.
1244 1923 1359 2016 Moy,

296 2019 350 2094 ses
373 2018 578 2090 cathedram
593 2015 718 2088 habuit
733 2012 1093 2088 secundumDomini
1115 2015 1263 2091 dictum:
1296 2023 1361 2095 Su·

297 2136 364 2212 per
391 2114 595 2189 cathedram
619 2113 739 2203 Moysi
770 2111 936 2187 sederunt
961 2111 1093 2186 Scriba
1126 2114 1158 2187 dr
1188 2114 1359 2196 Pharisaei.

299 2217 434 2291 Omnia
449 2234 557 2310 ergo,
584 2231 814 2303 quacumque
831 2212 957 2286 dicunt
972 2216 1102 2292 vobis,
1125 2213 1233 2287 facite
1250 2216 1361 2291 droia·

297 2316 462 2391 servate:
488 2311 680 2388 secundum
691 2325 811 2394 ,autem
823 2331 935 2403 opera
948 2329 1072 2385 eorum
1090 2314 1206 2387 nolite
1224 2315 1360 2406 facere3

298 2418 424 2492 dicunt
446 2415 561 2506 enirn,
597 2411 632 2486 dt
652 2431 729 2485 non
750 2409 897 2486 faciunt.
959 2410 1049 2486 Cum
1073 2412 1179 2508 igitur
1200 2414 1362 2494 dostrina

298 2510 552 2590 Pharisaeorum
569 2515 618 2586 ob
633 2511 669 2584 id
687 2511 885 2603 probabilis
898 2507 969 2584 esse
987 2512 1172 2599 videatur,
1198 2517 1281 2603 quia
1298 2518 1363 2610 ipsr

299 2616 338 2689 in
355 2612 474 2705 Moyn
488 2611 657 2685 cathedra
674 2607 853 2696 sederunt,
876 2607 1036 2684 dodirina
1050 2611 1246 2686 necessario
1262 2615 1363 2711 signi·

300 2706 431 2787 ficatur
448 2712 485 2785 in
499 2709 679 2784 cathedra.
729 2706 919 2806 Cognovit
934 2710 1053 2801 itaque
1069 2710 1249 2786 sessionem
1268 2718 1361 2809 ejus,
1449 2760 1452 2765 -

299 2831 383 2885 cum
402 2809 610 2907 dignitatem
633 2810 708 2900 ejus
729 2808 764 2881 io
783 2810 951 2884 omnibus
971 2809 1156 2901 predicat,
1191 2833 1272 2887 cum
1293 2835 1364 2887 vo·

298 2913 474 2985 luntatem
492 2909 589 3000 eius,
615 2904 721 3001 quise
736 2906 1092 3000 mis1t‚‘exsequirur‚
1118 2931 1199 2984 cum
1222 2911 1363 2988 humili·

299 3010 364 3084 tati
390 3009 557 3100 corporis
577 3005 628 3081 sui
646 3008 795 3104 gloriam
812 3005 995 3101 postulans
1013 3008 1110 3081 audit
1127 3032 1148 3081 e
1164 3013 1278 3084 coeiot
1315 3010 1363 3086 iit

298 3104 556 3199 honorificavi,
582 3106 614 3179 dr
632 3103 897 3182 honorificabo.
946 3105 1017 3180 Sed
1033 3103 1193 3183 dodrina
1208 3131 1283 3182 non
1297 3113 1362 3185 mi-

300 3228 367 3284 nut
387 3209 423 3282 in
436 3204 583 3282 sessione
596 3206 686 3298 ejus,
713 3228 816 3298 quam
833 3207 871 3278 in
886 3203 1144 3280 resurrectione
1162 3229 1271 3301 opus,
1297 3230 1364 3283 co·
1389 3232 1399 3245 ·

300 3304 494 3405 gnoscitor.
551 3304 646 3380 Nam
673 3320 715 3378 ut
738 3304 835 3401 sessio
862 3303 1032 3379 doctrine
1052 3322 1270 3400 preceptum
1289 3306 1362 3399 est,

298 3408 352 3481 ita
372 3406 406 3479 dt
425 3403 634 3481 resurrectio
649 3405 872 3495 operationis
885 3402 1034 3478 effertus
1047 3403 1109 3480 est.
1157 3407 1292 3479 Sedens
1306 3406 1363 3500 Je-

301 3500 359 3579 sua
378 3505 503 3579 docuit
518 3507 556 3578 in
572 3519 718 3578 monte:
744 3501 801 3576 sed
817 3500 897 3598 post
910 3502 1107 3579 doctrinam
1123 3504 1166 3578 ad
1175 3524 1290 3598 opera
1301 3506 1364 3580 de-
1402 3532 1405 3537 ·
1430 3496 1434 3504 ’

300 3598 451 3680 scendit.
500 3601 662 3678 staenim
680 3602 928 3696 scriptumest:
954 3600 1363 3679 Etdescendcnreeode

301 3715 454 3792 monte,
490 3698 619 3776 secutae
639 3701 721 3777 sunt
739 3723 819 3777 eum
838 3706 962 3776 turbe.
1025 3698 1074 3773 Et
1094 3722 1182 3775 ecce
1199 3702 1363 3793 ieprostm

302 3801 445 3896 quidam
461 3801 1029 3878 venienaadorabateum‘dicenar
1056 3800 1227 3892 Domine,
1251 3801 1363 3896 srvio,

329 3915 411 3975 ores
428 3920 486 3973 me
502 3902 683 3976 mundare.
736 3899 783 3974 Et
796 3901 993 3975 extendens
1005 3902 1366 3995 menumtetigiteum

323 3999 403 4077 esus
424 4000 562 4073 dicem:
590 4001 708 4087 Volo,
725 4003 907 4076 mundare.
959 3996 1007 4069 Et
1023 3998 1064 4069 ad
1077 3998 1259 4075 sanandam
1273 4020 1365 4093 quo·

304 4118 376 4197 que
392 4094 661 4195 archisynagogi
675 4096 784 4178 filiam
804 4098 956 4175 surrexit
970 4099 1170 4189 Dominum
1182 4097 1369 4192 -scriprum

352 4196 721 4293 3.sdisaris2⁴ern·iss.
944 4192 984 4277 N
1275 4196 1340 4269 ah
