3317 4900
438 415 726 552 Taacrar'us
749 468 947 548 rra'CXX.
974 469 1215 556 Psntnura.
1314 501 1359 579 19

289 647 412 714 totum
435 635 496 731 id,
532 633 630 732 quod
653 633 879 736 cogitatione
902 633 1064 729 uiderat,
1098 629 1219 712 mente
1236 643 1357 734 'conti-

289 740 386 829 nuit‚
413 734 540 832 sciens,
564 733 1194 832 undeeiventutumeffetauxilium,
1221 741 1354 817 dicens:

298 840 394 910 Unde
411 842 523 909 ueniat
537 839 696 909 auxilium
712 839 804 912 mihi.
856 834 1054 928 Statimque
1066 835 1128 914 ubi
1149 841 1254 912 beata
1268 864 1355 914 con·

288 933 444 1013 fess'lone
457 933 660 1032 respondit!
684 938 853 1009 Auxilium
871 959 1007 1007 meumo
1028 939 1184 1015 Domino,
1210 945 1265 1037 qui
1276 943 1355 1027 fecit
1387 961 1390 970 ·
1435 961 1438 966 ·

292 1041 403 1110 cuium
420 1039 460 1113 U
470 1053 599 1113 terram.
650 1035 708 1110 Ad
721 1049 863 1110 montes
879 1037 1021 1128 quidem
1035 1037 1133 1109 oculi
1151 1040 1357 1116 elevantur:

294 1138 379 1229 quia
391 1156 452 1232 per
464 1155 528 1211 eos
543 1135 594 1212 est
603 1133 771 1210 doetrinae
781 1136 1216 1230 anniuertumprorenus,
1243 1139 1359 1214 ascen·

296 1235 366 1312 sus.
418 1237 576 1312 Sedcum
586 1231 831 1311 confitendum
845 1235 900 1318 sat,
927 1235 1023 1310 unde
1040 1239 1164 1309 veniat
1174 1241 1357 1314 auxilium:

295 1333 758 1425 Aukiliummeamassomina,
783 1337 1218 1433 quifect'ttoelumUtarram.
1271 1340 1359 1413 Haec

295 1434 383 1511 felix
399 1431 488 1511 fides
505 1436 578 1531 est,
601 1439 678 1509 hec
694 1453 781 1509 vara
798 1431 986 1526 confeiito,
1013 1437 1088 1534 hac
1110 1439 1185 1532 spes
1207 1450 1359 1533 aterna,

296 1535 331 1611 ot
353 1537 504 1611 coelestis
520 1535 779 1609 beneditiionis
800 1535 904 1630 digna
920 1538 1138 1614 muneribus.

396 1641 433 1712 6.
462 1637 628 1726 Denique
648 1636 730 1727 quia
754 1633 945 1726 prophetia
961 1637 1076 1710 omnis
1091 1637 1127 1710 in
1149 1631 1272 1730 spiritu
1288 1636 1360 1721 est,

296 1731 413 1812 statim
431 1742 569 1811 beatam
585 1735 677 1808 hanc
692 1732 767 1827 ejus
785 1733 1041 1808 confeiironem
1057 1739 1093 1809 in
1110 1735 1262 1830 persona
1277 1737 1363 1809 Pro·

295 1834 416 1943 phetae
433 1833 537 1910 sontii
553 1831 701 1930 Spiritus
719 1827 914 1908 consecuta
931 1833 1130 1909 benedittio
1149 1834 1217 1911 est:
1244 1841 1297 1910 Ne
1309 1839 1373 1910 det'

298 1944 338 2008 t'n
356 1939 584 2008 commotionem
598 1937 700 2030 pedem
718 1949 831 2027 tuum,
858 1933 1142 2029 omnesomnes,
1167 1941 1222 2033 qui
1234 1939 1363 2025 custodit

300 2055 343 2109 re.
407 2032 533 2107 Sensus
557 2033 628 2127 ipse
648 2029 821 2129 significat
844 2031 1121 2107 conversionem
1144 2029 1268 2110 fatiam
1293 2035 1363 2112 effe

285 2129 474 2230 personae.
539 2130 598 2207 Ad
623 2154 703 2206 eum
725 2135 840 2227 enirn,
875 2130 935 2226 qui
954 2135 1112 2226 superius
1131 2133 1276 2209 locutus
1294 2138 1364 2224 est,

300 2232 418 2309 sermo
438 2231 635 2307 conversus
651 2232 719 2304 est:
755 2235 810 2306 Ne
825 2236 875 2303 det
893 2237 930 2303 in
948 2229 1188 2305 commotionem.
1248 2231 1365 2332 Quis?
1408 2255 1419 2266 ‘

300 2331 446 2430 Nempe
468 2336 527 2428 qul
546 2329 635 2406 iecit
656 2332 784 2405 celum
798 2331 829 2404 u
844 2345 995 2407 terrama
1025 2333 1245 2409 Pedemruum.
1298 2332 1367 2406 Cu·

297 2432 383 2529 Jus?
419 2435 617 2529 querimus.
681 2429 848 2523 Namque
866 2432 963 2526 ejus,
1000 2435 1058 2525 qui
1078 2432 1220 2508 levavit
1237 2434 1366 2507 oculos

301 2534 340 2608 in
361 2538 527 2627 montes,
559 2532 670 2626 &qui
694 2527 873 2606 confertus
890 2528 965 2625 est,
993 2533 1091 2625 quod
1107 2533 1275 2608 auxilium
1292 2534 1367 2625 eius

305 2628 393 2707 effet
405 2652 424 2706 a
437 2632 613 2708 Domino.
665 2628 734 2706 Sed
749 2632 783 2704 δι
797 2630 905 2724 illud,
929 2654 971 2704 ne
986 2634 1057 2722 ier,
1084 2634 1244 2729 optantis
1259 2634 1292 2705 St
1308 2636 1367 2707 be·

302 2733 507 2806 nedicentis
524 2728 670 2805 affectus
689 2730 751 2806 est.
809 2726 859 2802 Et
876 2736 952 2823 quis
970 2726 1101 2826 op‘tati
1133 2732 1199 2807 lile
1214 2729 1367 2819 scilicet,

303 2832 365 2925 qui
383 2830 489 2905 nobis
506 2830 569 2922 εὴ,
597 2842 725 2925 praeter
744 2828 954 2922 Dominum,
981 2833 1067 2905 alius
1080 2830 1296 2926 advocatus,
1323 2832 1368 2906 de

304 2948 380 3025 quo
397 2932 464 3004 aits
491 2926 539 3004 Et
553 2930 657 3005 alium
674 2931 892 3005 advocatum
907 2930 1027 3005 mittet
1040 2930 1171 3006 uobis:
1197 2930 1255 3024 qui
1269 2932 1301 3006 δι
1313 2932 1369 3005 io·
1388 2920 1403 3002 ,⁰

304 3032 426 3123 quitur
442 3030 477 3103 in
492 3030 692 3124 prophetis.
744 3028 843 3129 Quid
862 3044 949 3127 ergo
969 3032 1169 3105 aduocatos
1183 3028 1241 3105 h'ic
1253 3032 1369 3125 loqui·

304 3128 393 3204 tur?
435 3126 684 3205 Confeisorem
707 3130 835 3222 utique
863 3130 967 3223 hujus
987 3124 1071 3205 fidei
1089 3130 1122 3204 ot
1137 3128 1370 3223 speibenedi·

306 3232 375 3304 citt
401 3230 455 3305 M
472 3230 522 3300 det
538 3234 576 3300 in
594 3230 826 3302 commotionem
835 3232 945 3327 'pedem
964 3247 1069 3319 tuum,
1092 3252 1189 3329 neque
1209 3230 1367 3317 dormiter,

305 3334 363 3431 qm·
381 3331 510 3427 custodit
533 3346 575 3402 re.
639 3326 709 3403 Sed
730 3338 883 3421 utraque
901 3325 978 3401 haec
997 3326 1140 3426 indigna
1162 3328 1246 3403 Deo
1266 3328 1368 3419 sunt,

290 3444 350 3502 ut
370 3426 658 3513 &commotioni
673 3429 809 3514 tradat,
837 3427 1080 3517 &dormitetq
1108 3426 1141 3503 ot
1158 3422 1240 3521 post
1255 3426 1372 3499 custo-

307 3530 375 3601 diae
394 3530 550 3627 vigiliam
568 3548 614 3602 ex
630 3529 777 3622 quadam
794 3526 929 3602 laboris
943 3530 1217 3603 continuatione
1234 3528 1372 3618 requie·

305 3623 394 3705 scat.
451 3628 642 3723 sedante,
676 3646 781 3721 quam
797 3628 833 3701 id
853 3632 941 3701 attio
969 3649 1085 3723 amus,
1121 3626 1204 3721 quid
1224 3628 1260 3699 in
1279 3628 1371 3720 pede

302 3720 574 3826 fignificationis
591 3727 653 3821 fit,
680 3724 900 3803 tratiandum
920 3650 981 3804 eff.
1019 3760 1046 3823 Q.

411 3848 445 3920 7.
471 3824 536 3903 Pes
561 3826 611 3902 est
635 3846 715 3923 pars
739 3827 930 3923 corporis,
972 3844 1081 3901 omne
1104 3840 1239 3919 corpus
1262 3824 1372 3901 intes

288 3924 512 4003 ··efficiendas
540 3930 763 4025 agendasque
784 3926 1053 4001 circumferens.
1113 3919 1161 3997 Et
1184 3918 1266 4019 quia
1282 3926 1375 3998 Scri·

306 4044 415 4127 ptura
428 4028 708 4123 percorporaiia
729 4024 894 4121 spiritalia
911 4027 1034 4107 docet,
1061 4020 1296 4100 &invisibilia
1309 4032 1374 4117 per

308 4124 459 4207 viiibilia
478 4123 923 4303 demonstrata-subffedis
938 4126 1088 4210 nomine
1100 4140 1229 4205 mutus
1244 4120 1384 4299 mgnum

341 4252 360 4273 ³·
866 4246 888 4305 2
1214 4245 1273 4303 m
1302 4240 1361 4296 ³¹8
