3317 4900
338 439 624 532 Tuncrnrus'
644 471 693 526 ru
718 445 967 524 CXXXVII.
991 445 1226 521 Panumuur.
1259 454 1349 538 =185
1384 495 1389 506 ι

294 615 536 716 &Apostoli,
561 614 600 688 in
615 632 721 688 unam
740 613 836 683 viam
854 627 1141 709 unumquemque
1158 608 1218 680 via
1234 606 1292 680 sua
1303 608 1357 680 di-

291 723 461 820 rigentes.
524 711 573 786 Et
595 713 692 805 quod
711 732 758 785 ex
779 710 948 784 omnibus
969 710 1007 782 in
1029 729 1136 784 unam
1161 730 1353 784 concurra-

290 835 371 912 tur,
396 815 581 908 Propheta
599 809 838 902 demonstrat,
865 809 1005 884 dicens:
1030 808 1130 884 State
1144 811 1262 885 inviis
1276 809 1358 885 Do.

290 921 401 1010 mini,
433 918 654 1009 interrogate
672 911 812 986 semitas
827 908 896 982 Dei
913 913 1118 1002 eternales,
1157 914 1354 1010 uuidere,
1382 971 1385 976 .

295 1041 374 1111 qnae
393 1016 444 1090 est
459 1016 519 1088 via
533 1015 652 1104 bona,
678 1011 905 1085 &ambulate
921 1012 956 1082 in
971 1033 1026 1087 ea.
1076 1013 1157 1085 Viae
1171 1015 1265 1090 enim
1277 1016 1355 1089 D‘o·

294 1119 382 1194 mini
402 1129 552 1194 aterne.
614 1111 726 1190 lnhis
747 1110 868 1200 itaque
886 1112 954 1182 viis
975 1110 1123 1186 Domini
1140 1118 1356 1194 cantandum

298 1217 370 1300 esta
394 1216 428 1290 δι
446 1214 586 1307 hymnis
603 1210 874 1306 prophetalibus
891 1212 1169 1308 concinendum,
1196 1219 1358 1308 quiama·

298 1339 368 1414 gna
386 1316 455 1389 Dei
472 1313 585 1409 gloria
605 1309 675 1386 est:
707 1304 980 1404 magnificentia
1001 1314 1094 1385 enim
1112 1316 1188 1405 ejus
1208 1338 1283 1389 non
1306 1317 1359 1395 est

297 1416 391 1492 finis.
441 1413 535 1488 Nam
552 1409 829 1507 magnitudinem
845 1410 967 1503 gloriae
975 1408 1042 1484 sua
1051 1433 1162 1503 opera
1171 1414 1358 1513 testantur,

299 1518 449 1607 coelum,
475 1529 591 1604 terra,
617 1510 745 1600 maria,
770 1507 903 1600 aether,
927 1510 1040 1585 homo
1054 1512 1147 1607 ipse,
1175 1518 1234 1606 qui
1251 1519 1359 1590 ratioss

296 1619 353 1693 nia
373 1614 552 1710 particeps
568 1610 612 1686 ad
626 1609 756 1682 horum
773 1608 1019 1701 cognitionem
1037 1612 1215 1703 perfectas
1231 1614 1294 1708 est,
1320 1634 1362 1694 ut

298 1735 365 1813 per
379 1715 456 1790 hac
474 1710 623 1786 visibilia
639 1705 854 1783 invisibilem
868 1705 939 1779 Dei
954 1712 1102 1803 gloriam
1115 1731 1361 1790 contueretur.

405 1836 461 1904 14.
487 1811 618 1903 Neque
636 1805 751 1882 solum
768 1825 896 1902 magna
914 1804 964 1879 est
981 1807 1050 1882 Dei
1067 1814 1201 1906 gloria,
1227 1815 1284 1888 sed
1296 1818 1363 1890 eti·

302 1937 360 1990 am
376 1913 508 2001 excelsus
522 1913 571 2003 eli,
597 1911 634 1985 (Ἰ
650 1908 788 1979 humilia
800 1908 936 2002 respicit.
986 1907 1082 2004 Hinc
1095 1912 1281 1987 eminentis
1294 1919 1364 1990 cel·

303 2014 463 2090 iitudinic
479 2011 545 2084 sua
563 2010 747 2082 admiratio
765 2008 916 2082 maxima
932 2004 1002 2097 est,
1030 2010 1128 2099 quod
1147 2013 1288 2087 humilia
1310 2037 1365 2090 re·

304 2113 429 2206 spicit,
464 2111 523 2201 qui
545 2107 703 2182 excelsus
725 2106 786 2181 est.
837 2106 906 2180 Sed
931 2127 1009 2196 quae
1031 2109 1176 2182 humilia
1196 2113 1364 2205 respicit?

305 2211 451 2305 Nempe
468 2208 549 2282 ista:
584 2207 659 2280 Cor
681 2205 961 2279 contribulatum
978 2206 1011 2277 aa
1027 2205 1246 2284 humiliatum
1265 2213 1365 2288 Deus

304 2334 383 2387 non
409 2309 570 2406 spernet3
606 2307 641 2380 ba
662 2303 815 2379 rursum:
850 2304 898 2376 Et
920 2304 1023 2397 super
1041 2329 1146 2398 quem
1162 2311 1366 2406 respiciam,
1385 2327 1392 2350 '

305 2412 368 2488 niir
393 2411 496 2506 super
518 2408 685 2485 humilem
715 2406 749 2479 ἀ
777 2418 989 2479 trementem
1012 2413 1124 2482 verba
1153 2409 1260 2485 mea?
1299 2411 1370 2488 Sed

307 2513 391 2606 quia
405 2511 563 2585 excelsus
577 2509 720 2581 humilia
737 2503 901 2597 respicit,
928 2507 1037 2579 habet
1055 2511 1091 2582 in
1107 2508 1142 2583 se
1161 2514 1261 2584 aliam
1280 2534 1370 2605 quo·

307 2633 379 2703 que
393 2611 678 2698 admirationem,
705 2605 802 2697 quod
818 2612 856 2680 U
873 2605 1085 2701 alraiaiange
1098 2613 1255 2703 cognoscit.
1306 2611 1370 2685 Su·

309 2714 430 2805 perbae
453 2710 487 2781 δι
508 2707 700 2780 insolentes
723 2706 964 2800 cogitationes
983 2705 1100 2781 Deum
1124 2731 1199 2783 non
1222 2711 1370 2787 fallunt:
1402 2730 1410 2735 ·

309 2808 470 2982 εῆηοΐῧῑ
495 2808 657 2977 omnint,s
675 2806 709 2879 ἀ
728 2804 818 2977 nihil
836 2803 988 2977 salentina
1008 2808 1372 2982 eluistiffipesseifibss?

309 2932 372 2983 e.
463 2927 605 2998 eus,u
651 2927 699 2977 cn
743 2926 1075 2996 unre,proee
1149 2933 1177 2984 rs
1256 2927 1375 2984 urtrr.

308 3011 436 3082 bulato
451 3006 532 3081 sunt
553 3005 688 3088 cordex,
702 2928 788 3077 1non
807 2930 1018 3077 admiscente
1038 3020 1156 3083 autern
1178 2931 1373 3105 a’rrgganti-

309 3110 397 3199 bur,
424 3104 798 3198 nequeinsolentibus
816 3125 932 3197 prope
948 3104 1009 3182 est.
1059 3106 1264 3201 Unicuique
1279 3111 1374 3183 enim

311 3207 470 3283 nostrum
498 3226 567 3302 pro
589 3203 671 3277 ildei
696 3203 901 3278 diversitate
923 3218 984 3276 aut
1000 3210 1184 3297 proximus
1204 3208 1275 3301 est,
1313 3222 1376 3281 aut

310 3321 496 3401 remotus,
522 3304 665 3398 spiritali
681 3305 840 3393 virtute,
867 3306 928 3377 ubi
945 3303 980 3377 se
996 3306 1140 3401 dignum
1158 3309 1230 3399 est,
1257 3308 1376 3399 acqui·

314 3403 447 3485 ei‘cens.
497 3402 548 3479 Et
567 3405 652 3479 ideo
672 3425 692 3477 a
711 3404 822 3499 longe
843 3407 914 3478 alta
928 3406 1135 3502 cognoscit,
1162 3406 1291 3499 quia&
1311 3406 1377 3499 per

313 3501 914 3681 indignitatemabteigabirgsolente,
941 3505 1241 3679 baspgrvirtutcnr,
1267 3509 1378 3605 longa

332 3626 387 3678 tce
410 3658 423 3697 ,
448 3628 525 3698 que
554 3625 600 3678 un
653 3623 741 3698 uper
769 3625 810 3696 a,
837 3624 884 3678 co
909 3625 1038 3681 noct.

421 3726 477 3792 15.
502 3710 543 3777 Si
557 3706 756 3775 ambulavero
771 3708 808 3775 in
820 3622 917 3775 melego
931 3706 1171 3792 tribulationis,
1195 3706 1378 3798 vivificabit

315 3829 374 3880 ma
425 3802 516 3875 Non
535 3806 660 3877 abnuit
670 3803 782 3896 justus
800 3801 886 3897 iste,
918 3824 964 3878 ne
983 3805 1021 3879 in
1038 3805 1162 3879 mediis
1178 3806 1380 3905 tribulatio·

315 3906 421 3981 nibus
441 3902 609 3978 ambulet.
671 3904 746 3977 Scit
766 3907 881 3993 enim,
916 3905 997 3995 quia
1017 3904 1224 3999 tribulatio,
1258 3904 1381 3979 secun·

316 4004 401 4079 duni
418 4000 653 4096 Apostolum,
690 4004 897 4096 patientiam
916 4018 1098 4093 operatur.
1158 4002 1234 4079 Scit
1248 4005 1383 4101 impro-

316 4106 473 4187 habilem
496 4102 614 4179 virum
635 4122 711 4181 non
732 4105 895 4278 phcssrpe'
930 4101 995 4177 scit
1012 4099 1187 4183 viliorem
1205 4107 1390 4273 militem,

717 4208 719 4223 '
888 4223 906 4299 5
1193 4238 1196 4243 ·
1285 4206 1335 4273 ux

924 4330 928 4337 ι
