3317 4900
213 527 220 542 Ι
286 439 360 524 294
608 397 659 494 ἐ.
710 409 1019 498 Hraaarr

275 602 389 670 uum,
422 573 574 652 &cives
593 571 807 665 sanctuaria,
842 575 876 648 δι
896 575 966 650 Dei
986 575 1022 648 in
1042 569 1259 650 domesticos
1276 569 1372 652 suos

290 682 497 757 dominatus
514 677 590 750 haec
612 675 740 748 civitas
755 674 805 748 est
812 729 825 780 ,
858 694 937 766 qoae
948 695 994 748 ex
1009 671 1109 751 sensu
1128 674 1373 754 beatitudinis

291 779 382 872 suae,
411 779 443 850 dt
464 774 685 854 conieffione
707 775 877 869 praeconii
894 774 1098 850 advocatur.
1114 775 1157 854 ad
1176 773 1334 854 laudem.

396 901 429 972 3.
460 874 505 949 Et
522 876 704 968 Propheta
723 873 859 952 causam
871 874 1087 951 laudationis
1102 873 1250 966 adjecit:
1277 875 1371 966 Quo·

293 984 386 1058 niam
410 977 613 1068 confortavit
628 979 714 1066 saras
735 993 1068 1070 portonaticum,
1102 974 1265 1050 benedixit
1273 975 1370 1070 filios

295 1098 366 1155 tuor
389 1084 426 1152 ia
443 1095 484 1156 te.
538 1081 607 1170 Qui
618 1077 811 1171 pasairfinas
826 1091 897 1153 tuos
907 1095 1021 1172 pacem,
1046 1073 1085 1152 (i
1098 1076 1187 1174 adipe
1192 1072 1369 1166 frumenti

293 1185 396 1276 [arim
415 1196 456 1254 te.
509 1177 597 1254 Haec
618 1175 669 1249 est
685 1177 744 1252 illa
761 1178 876 1252 beata
894 1189 998 1254 terrae
1021 1176 1229 1266 hareditas,
1260 1194 1371 1270 quam

296 1279 478 1356 Dominus
498 1277 535 1354 in
551 1275 752 1372 Evangelio
769 1274 958 1354 mansuetis
972 1275 1187 1369 spopondit,
1220 1275 1372 1352 dicensi

223 1407 229 1430 ¹
296 1377 397 1454 Beati
420 1374 612 1469 mansueti,
651 1377 819 1466 quoniam
845 1375 908 1469 ipir
933 1375 1192 1452 haereditabunt
1219 1387 1372 1456 terram.

296 1477 460 1557 Plotianis
484 1479 520 1548 in
540 1478 631 1552 locis
648 1474 1082 1567 Prophetaebeatitudinis
1098 1475 1200 1566 hujus
1219 1489 1372 1567 tempus

296 1579 609 1678 praedicaverunt,
642 1574 893 1654 &firmitatem
911 1577 1067 1650 civitatis
1083 1575 1186 1668 huius
1201 1587 1373 1656 aeternaea

301 1680 402 1770 cujus
424 1679 472 1747 ita
487 1689 604 1768 portae
623 1673 656 1752 dt
673 1672 757 1751 serae
778 1674 999 1754 confirmatae
1016 1674 1115 1766 sunt,
1143 1692 1183 1750 ut
1202 1674 1375 1752 adversa·

299 1777 361 1856 riis
378 1777 484 1848 nobis
494 1775 718 1869 inimicisque
728 1777 924 1854 virtutibus
934 1776 1228 1868 impenetrabilis,
1257 1777 1377 1860 invia.

300 1873 629 1967 indissolubilisque
646 1876 871 1971 persevcret3
899 1877 1029 1948 nuliius
1045 1896 1151 1970 egens
1172 1874 1217 1954 ad
1234 1895 1377 1968 corpo·

300 1974 804 2070 risanimaequosubstantiam
830 1977 1029 2052 aeternitate
1041 1974 1155 2066 firma,
1181 1974 1380 2054 beneditio

301 2077 492 2157 inincoiis,
518 2071 881 2167 voluntatopacifica,
909 2078 993 2147 vitae
1004 2073 1192 2154 substantia
1206 2073 1377 2169 copiosa.

337 2185 339 2192 '
402 2199 436 2262 4.
464 2175 533 2250 Sed
554 2177 596 2252 ad
622 2176 712 2248 hane
738 2175 807 2247 Dei
831 2177 1123 2269 pradicationem
1145 2177 1257 2256 etiarn
1283 2175 1377 2254 iilud

305 2275 525 2374 adjungitur:
560 2277 632 2367 Qui
655 2280 779 2350 enutrit
796 2277 949 2374 eloquium
963 2275 1058 2364 suum
1075 2293 1186 2361 term
1219 2277 1378 2354 muscam

239 2452 241 2457 ,
304 2382 410 2451 carris
433 2377 527 2459 [erma
550 2380 628 2472 ejus,
688 2374 953 2455 Praedicationis
980 2378 1077 2470 regni
1103 2376 1174 2454 Dei
1199 2396 1282 2458 non
1307 2375 1379 2456 fuit

303 2479 403 2556 lenta
419 2477 649 2576 properatio,
676 2474 787 2549 sedin
806 2498 950 2555 ornnem
964 2491 1093 2549 terram
1106 2475 1282 2557 indefeua
1301 2499 1380 2551 mo·

303 2578 445 2653 bilitate
470 2576 627 2651 &celeri
651 2580 872 2653 transcurrit.
931 2576 1005 2653 Ubi
1028 2576 1377 2669 saturantium,

305 2696 388 2753 cunr
404 2676 581 2751 Dominus
596 2676 693 2767 regni
704 2674 752 2749 soi
764 2678 913 2769 gloriam
924 2677 958 2748 in
969 2692 1242 2767 corporcnatus
1259 2678 1379 2750 osten.

307 2776 379 2863 dit,
417 2773 623 2863 apostolico
642 2775 914 2869 &prophetica
932 2774 1242 2853 destinaremus
1263 2776 1379 2873 egres·

307 2872 447 2952 sstsost?
471 2873 973 2965 Pcrbaucnamquevolocam
983 2877 1288 2954 transcursionem
1298 2878 1380 2949 aedi-

307 2973 433 3054 ficatio
459 2975 573 3047 beata
597 2975 699 3065 hujus
720 2977 877 3047 civitatis
903 2975 953 3052 cii
972 2990 1107 3071 coapta,
1147 2995 1226 3066 quae
1246 2977 1376 3049 auditis

309 3071 506 3166 opulentiae
526 3071 593 3150 suu
610 3075 737 3171 copiis,
766 3074 927 3167 quotidie
945 3076 1077 3165 ubique.
1099 3077 1195 3153 vivis
1214 3072 1379 3154 fidelium

309 3174 485 3265 lapidibus
504 3171 649 3258 stauos,
678 3194 790 3263 usque
807 3173 852 3249 ad
863 3176 1041 3248 incolatus
1053 3175 1100 3253 tui
1112 3176 1380 3267 plenitudinem

311 3285 562 3367 comparatur,
595 3272 696 3366 cujus
716 3274 751 3345 in
765 3276 1023 3370 congregandis
1039 3276 1204 3354 omnibus
1226 3298 1275 3349 ex
1295 3297 1379 3368 qua·

308 3385 397 3449 tuor
420 3373 579 3469 partibus
600 3372 721 3447 mundi
740 3377 854 3452 velox
872 3373 987 3453 sermo
1011 3376 1269 3467 praecuourrit,
1303 3395 1381 3453 rur·

308 3472 384 3549 sum
401 3473 443 3545 ad
459 3472 827 3559 confrequentandam
848 3475 940 3551 hane
960 3477 1055 3553 boati
1075 3478 1174 3571 regni
1186 3476 1381 3555 civitatem

309 3572 348 3651 in
372 3587 504 3647 coetum
524 3569 774 3648 consummata
790 3574 1020 3665 plenitudinis
1044 3576 1325 3671 congregandis.

411 3694 445 3761 S·
473 3670 542 3747 Sed
568 3671 833 3765 &pradicatio
863 3676 929 3751 alia
948 3673 1191 3754 connadtiturt
1226 3679 1303 3775 Qui
1324 3677 1380 3753 dat

310 3774 423 3844 nivem
436 3772 513 3859 ficut
532 3771 652 3857 lanam,
678 3774 1057 3870 arabuiomficutcinerem
1066 3775 1203 3874 spargit.
1256 3782 1380 3853 Mittit

311 3872 485 3963 arnaudum
498 3870 672 3966 suornficur
689 3876 844 3960 buccados,
868 3892 944 3944 onte
953 3875 1071 3966 faciem
1078 3873 1213 3969 frigoris
1224 3879 1297 3974 ejus
1311 3883 1375 3973 quit

305 3966 496 4067 sustinebit?
525 3975 663 4045 Eminet
679 3975 810 4042 verbum
823 3976 928 4063 suum,
954 3976 991 4048 Θ
1008 3976 1260 4074 liquefacietao‚·
1281 3979 1377 4074 flabit

304 4075 441 4168 spiritus
458 4075 550 4167 ejus,
583 4071 738 4169 &fluam
760 4099 860 4177 aqua.
921 4077 1114 4164 vitavit,
1145 4076 1235 4157 ficui
1253 4076 1383 4158 Domi·

1262 4198 1335 4258 diu!
