3317 4900
323 461 351 546 '8
665 455 1094 536 &littam
1224 461 1227 466 '

330 619 473 718 sponso
498 617 584 696 est·
620 615 681 693 Ad
698 619 735 696 id
757 621 872 709 enim,
899 615 1195 712 quod'quaesrtum'
1214 614 1281 691 est:
1307 617 1400 710 Quid

303 799 309 806 ,
331 723 425 814 delur
448 722 529 799 tibi,
555 717 594 798 di
614 722 689 822 qaid
705 736 882 816 apponatur
898 720 956 789 alle·
970 722 1009 790 ad
1023 721 1166 810 linguam
1182 715 1337 806 dolosam?
1361 717 1401 790 id

322 819 403 900 est:
441 821 539 918 Quid
558 821 622 893 tibi
640 819 807 893 adversus
825 818 1011 893 salsitatem
1029 819 1133 910 hujus
1153 816 1298 912 praesidii
1314 814 1400 890 affe·

313 919 460 1020 sratur?
486 917 692 1013 responsum
707 918 775 994 esta
803 923 937 1012 Sagitta
947 935 1091 1016 potentes
1106 933 1214 1004 mute,
1240 940 1311 988 eum
1328 939 1401 988 ear·

333 1021 462 1104 What
484 1020 686 1110 desolatoriis.
737 1019 830 1091 80}ae
850 1020 942 1093 enim
959 1018 1107 1093 Domini
1121 1014 1401 1112 potenteesunt,

335 1121 372 1195 da
389 1137 503 1195 acuta
516 1119 672 1215 sagittae,
706 1139 782 1210 quae
804 1120 957 1214 linguam
972 1115 1132 1191 dolosam
1150 1118 1294 1191 valeant
1315 1137 1403 1192 cou-

335 1218 470 1318 figere,
506 1218 678 1296 habentes
704 1219 746 1308 iu,
765 1215 801 1307 se
828 1218 1000 1293 virtutem
1022 1216 1232 1311 perurendae
1259 1215 1404 1290 fraudu·

232 1350 244 1366 *
335 1321 458 1396 lentie
475 1333 582 1412 atque
607 1315 805 1404 vastandae3
832 1317 877 1390 de
899 1319 1026 1411 quibua
1045 1319 1081 1390 in
1099 1314 1403 1412 septimo-psalmo

337 1422 408 1500 ait:
441 1419 593 1516 Sagittae
609 1416 684 1490 suaa
705 1415 828 1491 arsuris
846 1431 1017 1512 operatus
1035 1417 1104 1491 est:
1138 1437 1215 1507 quae
1230 1416 1294 1490 srbi
1308 1430 1406 1490 utre·

338 1539 411 1615 que
431 1519 676 1592 etinveniunt.
738 1516 808 1590 Dei
830 1517 924 1591 enim
948 1519 1098 1591 verbum
1121 1537 1264 1590 omnem
1279 1517 1406 1606 nequi·

328 1621 425 1696 tiem
442 1616 614 1714 conligit,
651 1616 684 1689 u
706 1636 850 1690 omnem
870 1613 1004 1691 sensum
1025 1618 1234 1712 petulantiae
1251 1616 1405 1689 convul-

337 1729 463 1808 nerat,
479 1718 530 1790 ,δι
555 1717 669 1810 ipsum
685 1717 785 1790 illum
806 1717 1147 1792 vehementissimum
1169 1715 1298 1790 mortis
1320 1725 1407 1789 atu·

336 1817 665 1912 lenm-compungit.
713 1813 1407 1908 NamquepeecatorcumaudiatDeum

339 1931 530 1994 eternum:
556 1915 675 1990 Deum
686 1909 808 1990 mundi
826 1915 1073 1989 conditoremt
1100 1915 1217 1990 Deum
1233 1915 1404 2007 judieeni,

338 2016 484 2109 seseque
505 2018 686 2090 hominem
706 2016 882 2110 intelligat
898 2015 981 2103 Deo
998 2015 1154 2108 debere,
1185 2016 1283 2108 quod
1299 2011 1405 2088 na'tut

338 2117 402 2209 fit,
428 2131 564 2207 quanto
586 2113 753 2188 dodirinae
772 2114 844 2189 Dei
862 2116 938 2189 telo
953 2115 1173 2190 conscientia
1192 2115 1269 2206 ejus
1287 2125 1407 2218 error·

341 2237 412 2311 que
430 2216 599 2303 ferietur,
640 2233 720 2288 cum
736 2213 774 2288 se
793 2215 867 2310 igni
887 2215 1169 2312 inextinguibili,
1207 2213 1407 2314 separatum

340 2332 384 2389 ut
397 2317 515 2409 paleas
538 2337 557 2387 a
575 2315 722 2404 tritico,
755 2312 788 2385 dt
810 2312 1007 2392 desolatum
1027 2318 1208 2390 bonorum
1228 2311 1407 2388 frudiuum

328 2413 554 2510 'consortio,
582 2411 778 2511 cognoscat
800 2413 1000 2490 urendum?
1028 2412 1137 2507 Cujus
1161 2410 1330 2513 doditinae
1342 2433 1409 2509 per

343 2514 545 2608 Apostolos
567 2513 775 2588 'revelanda
801 2514 837 2586 in
857 2517 990 2611 psalmo
1009 2516 1124 2589 altero
1143 2514 1321 2606 meminit,
1357 2514 1411 2586 di·

345 2636 451 2689 cens:
490 2615 633 2711 sagitta
659 2615 895 2706 parvulorum
922 2614 1022 2688 ludim
1042 2613 1123 2688 sunt
1142 2614 1252 2708 plage
1267 2634 1409 2690 eorum.

343 2716 420 2789 Har
439 2730 610 2806 potentes
629 2713 784 2808 sagittas,
811 2715 880 2788 hos
901 2717 1075 2788 carbones
1087 2713 1318 2787 desolationis
1333 2714 1411 2785 dari

344 2815 407 2889 fibi
435 2812 548 2886 fidelis
576 2817 726 2906 quisque
743 2828 845 2906 orat,
879 2813 976 2887 &ad
994 2816 1149 2911 linguam
1170 2811 1328 2886 dolosam
1347 2834 1410 2885 ex·

255 2927 266 2939 ··
344 2910 477 3006 speuat
494 2915 649 3006 apponi,
683 2913 913 2987 emendandis
930 2914 1004 3007 his,
1038 2917 1097 3007 qui
1118 2914 1313 3007 tribulant,
1346 2911 1411 2986 vel

345 3011 515 3093 doetrinae
530 3014 625 3102 telo,
653 3014 713 3084 vel
734 3027 833 3087 metu
853 3034 975 3105 poenae.

241 3144 244 3155 ·
363 3150 368 3163 ·
446 3114 481 3185 6.
509 3112 576 3183 Sed
592 3111 1128 3204 &beatuslobhostemsuum
1155 3132 1228 3204 quo
1243 3107 1411 3185 confixus

345 3211 487 3303 suerat,
515 3212 704 3306 ignorans,
731 3215 909 3284 cruciatus
927 3214 1093 3304 corporis
1112 3212 1188 3303 sui,
1214 3213 1411 3285 &dolores

346 3310 489 3407 sagittas
511 3312 657 3383 Domini
672 3306 740 3382 elle
759 3309 862 3402 dixit,
889 3314 1033 3387 dicens:
1057 3313 1201 3410 Sagitta
1220 3312 1313 3385 enim
1334 3311 1414 3385 Do.-

345 3413 432 3486 mini
451 3411 487 3483 in
505 3430 663 3508 corpore
679 3431 763 3483 meo
782 3410 882 3503 sunt,
916 3432 1062 3503 quarum
1078 3413 1276 3507 indignatio
1298 3411 1416 3484 ebibit

345 3509 549 3608 finguinem
563 3530 691 3584 meum.
742 3505 790 3582 Et
802 3511 898 3585 forte
911 3513 973 3586 has
990 3534 1134 3604 quoque
1146 3512 1326 3585 ultricium
1341 3533 1415 3603 pm·

345 3630 472 3685 narum
491 3608 630 3707 sagittas
650 3609 817 3683 adversus
837 3612 930 3684 labia
948 3614 1090 3704 iniqua,
1125 3611 1328 3709 &linguam
1349 3612 1415 3683 do·

346 3708 457 3783 lolam
474 3712 692 3800 imprecetur
711 3706 915 3803 Propheta,
942 3713 1068 3802 quibus
1086 3707 1231 3784 confixa
1247 3730 1329 3786 eum
1348 3712 1414 3784 lin·

348 3828 420 3905 gua
437 3808 561 3882 dolosa
577 3807 743 3883 universa
760 3811 853 3883 labia
872 3810 991 3902 iniqua
1016 3822 1241 3904 perurantur.
1377 3842 1380 3851 ·

348 3909 1417 4101 .terlitiumllltlltallllllllilliti

350 4105 556 4207 existimari,
579 4107 801 4189 &carbones
809 4106 1041 4187 desolationis
1049 4032 1282 4209 uzecatgrum
1291 4130 1416 4184 emun-

1249 4210 1364 4289 datio·
