3317 4900
341 487 389 542 20
527 469 540 518 Γ
673 455 1231 556 stiliconis„-

281 714 283 719 ,
340 623 471 704 nostre
497 618 718 714 i'nceli'usque
740 617 933 718 significat,
970 633 1013 696 ut
1029 623 1067 698 in
1082 623 1156 696 hoc
1172 622 1301 700 eodem
1315 621 1407 702 Pro·

341 730 471 823 pheta:
511 722 588 796 Mel
617 735 736 811 autem
761 723 872 816 paulo
908 721 1022 817 minus
1050 723 1143 798 moti
1168 718 1249 798 sunt
1281 727 1407 817 pedes.

298 819 300 823 ’
341 825 479 917 Utique
497 823 535 918 hi
557 820 693 916 semper
716 825 874 896 carnales
892 835 1089 897 moventur
1106 824 1144 896 in
1160 842 1335 919 corporet
1373 827 1409 900 dc

343 924 533 1019 quomodo
554 923 704 1015 periculi
715 940 772 994 res
787 919 853 1014 est,
878 921 978 1014 quod
992 941 1093 1014 petre
1108 923 1175 997 lint
1183 924 1291 1015 moti,
1318 945 1408 1018 quo-

340 1018 1408 1218 {lullsllrgtlllsllsl‘tllllltlulltl}

342 1225 508 1314 dextrum
527 1219 820 1294 scandalizantem
834 1219 927 1313 juliit
942 1218 1121 1312 abscindi,
1147 1221 1287 1297 dicens:
1313 1221 1408 1298 Etsi

339 1347 405 1420 pes
421 1337 503 1396 tuus
522 1321 648 1395 dexter
667 1317 879 1394 scandalizat
898 1337 950 1413 te,
976 1319 1139 1395 abscinde
1149 1341 1242 1398 eum.
1291 1321 1410 1398 Num·

340 1425 424 1518 quid
444 1422 469 1497 li
488 1425 526 1495 in
542 1420 635 1514 pede
651 1419 782 1494 dextro
804 1419 1003 1492 scandalum
1025 1419 1096 1512 est,
1129 1421 1244 1495 minus
1264 1419 1409 1497 scanda-

339 1515 633 1598 lizabitsmisterd
659 1518 737 1592 Aut
747 1520 830 1611 quid
847 1520 906 1593 illa
924 1539 1003 1612 pars
1017 1523 1182 1612 corporis
1192 1521 1313 1614 potest
1327 1537 1411 1598 ten·

340 1623 490 1698 tationis
511 1617 661 1710 afferre,
687 1616 857 1711 cumipse
876 1619 1011 1710 absque
1029 1621 1151 1712 aliquo
1170 1623 1407 1716 appetitionis

278 1791 282 1804 ,
342 1721 471 1798 affetiu
490 1719 604 1814 solum
622 1720 660 1792 in
676 1737 717 1791 re
732 1719 864 1792 habeat
878 1717 1106 1793 ministerium
1127 1719 1326 1797 necessariae
1339 1720 1410 1795 ser·

340 1817 497 1895 vitutis?
523 1817 622 1916 Ergo
633 1831 673 1892 ut
687 1820 782 1891 oculi
793 1819 937 1910 mentis,
963 1817 1409 1917 ita&pedesintelligendi

279 1943 282 1948 ’
339 1922 442 2013 sunt,
460 1921 643 2018 habentes
662 1915 796 1992 inse&
814 1917 1057 2016 intelligentie
1076 1917 1203 2013 visum,
1228 1922 1407 2002 &volun

339 2024 423 2098 tatis
439 2021 652 2095 motionem.
750 2035 752 2050 ¹

441 2129 474 2201 8.
501 2117 591 2192 Non
615 2115 800 2198 citantem
814 2115 1100 2214 intelligendum,
1128 2118 1227 2211 quod
1246 2118 1329 2193 ideo
1341 2117 1407 2194 ista

237 2213 241 2224 ⁸
341 2218 544 2298 benedidio
560 2217 620 2292 stt:
648 2218 703 2290 Ne
719 2216 821 2288 detin
833 2222 1062 2289 commotionem
1070 2220 1173 2316 pedem
1189 2236 1291 2308 tuum,
1316 2231 1406 2296 tum·

341 2326 446 2416 quaro
478 2320 616 2411 aliquos
640 2315 744 2390 Deus
768 2315 887 2392 tradat
904 2318 941 2392 in
961 2311 1071 2411 vitia,
1109 2320 1146 2391 in
1162 2338 1239 2410 qun
1252 2319 1405 2411 pedibus

257 2507 259 2511 ,
331 2433 523 2515 corrupte
537 2416 665 2493 mentis
680 2416 897 2491 invehimur.
946 2413 1037 2493 Non
1052 2417 1318 2501 illenostradit,
1346 2416 1406 2494 sed

235 2510 242 2526 '
341 2542 422 2599 cum
436 2523 479 2595 ab
490 2539 537 2593 eo
546 2512 1039 2611 abscedimusconsequitur,
1059 2516 1155 2593 Nam
1164 2538 1244 2594 cum
1252 2521 1405 2614 pedibus

341 2628 522 2715 corrupte
532 2616 1404 2711 meotisinvehimur,uonillenosmaditsednos

341 2723 386 2795 ab
405 2739 452 2809 eo
473 2737 538 2812 per
559 2728 707 2810 peccata
728 2713 959 2791 desciscimus.
1015 2713 1160 2793 Etcum
1180 2719 1218 2791 in
1234 2732 1405 2812 peccato·

340 2821 438 2895 ribus
457 2814 530 2911 ipse
552 2835 630 2888 non
655 2813 816 2905 habitet,
847 2813 1087 2891 discessionem
1108 2816 1265 2893 nostram
1289 2819 1333 2891 ab
1355 2839 1403 2891 eo

249 2994 251 2999 ,
342 2916 590 3010 consequitur,
624 2913 658 2986 dt
685 2912 849 2988 abscessio
868 2916 944 3009 ejus
967 2916 1134 3008 anobis,
1169 2918 1250 3008 quia
1269 2939 1337 2991 nos
1358 2919 1403 2991 ab

340 3040 388 3095 eo
404 3037 469 3113 per
486 3029 635 3109 peccata
654 3008 875 3090 discedimus.
936 3010 985 3087 Et
1008 3013 1211 3089 discedente
1228 3037 1276 3089 eo
1297 3039 1317 3089 a
1335 3038 1404 3090 no·

340 3121 419 3210 bis,
454 3118 492 3189 in
520 3134 646 3189 omnes
665 3110 875 3187 delictorum
892 3112 1023 3188 foveas
1041 3113 1251 3208 incidimus,
1287 3117 1321 3189 dt
1337 3137 1404 3209 per

340 3212 574 3310 ampliffimam
588 3214 715 3287 mortis
729 3214 823 3286 viam
839 3214 1034 3304 currimus,
1060 3214 1257 3289 dominatui
1271 3214 1404 3289 demo·

339 3338 426 3393 num
446 3312 595 3405 subditi,
631 3312 764 3404 quibus¹
779 3333 849 3386 nos
870 3312 940 3385 Dei
959 3314 1101 3387 anobis
1120 3312 1283 3387 absceffio
1302 3312 1405 3389 dere·

338 3417 480 3511 linquit.
539 3409 588 3484 Et
605 3409 779 3485 desolatio
798 3413 874 3503 ejus
889 3412 1029 3485 idcirco
1051 3411 1197 3487 traditio
1215 3412 1287 3507 cst,
1322 3417 1406 3506 quia

339 3526 553 3610 peccatores
576 3511 744 3584 obtinere
764 3510 952 3607 diabolus,
977 3512 1040 3586 nifi
1058 3511 1141 3587 Deo
1161 3513 1204 3587 ab
1218 3512 1272 3586 his
1286 3511 1403 3589 absce-

341 3616 471 3709 dente,
498 3633 574 3705 non
594 3612 743 3704 poterit.

229 3756 232 3765 ,
344 3726 346 3731 ’
437 3736 472 3807 9.
500 3706 671 3782 Ceterum
695 3711 802 3783 nobis
824 3731 935 3804 penes
956 3730 1036 3785 eum
1057 3713 1304 3804 manentibus,
1339 3708 1400 3783 vel

338 3832 384 3885 eo
406 3813 442 3884 in
466 3812 572 3885 nobis
598 3824 797 3903 manente,
826 3811 979 3905 pervigil
1003 3809 1162 3884 custodia
1186 3811 1260 3903 est,
1298 3808 1399 3882 &ln-

338 3908 469 4003 defessa
482 3910 646 3986 munitio.
695 3908 837 3983 Verum
854 3908 879 3983 ss
894 3929 959 4002 per
971 3922 1137 4002 teporem
1148 3904 1233 3985 fidei
1249 3909 1400 3984 dormia-

333 4032 427 4104 mus,
455 4010 587 4082 dormit
600 4006 674 4101 ipse
689 4009 725 4080 in
741 4011 860 4084 nobis.
911 4006 1002 4083 Non
1016 4012 1108 4084 enim
1125 4011 1161 4084 in
1172 4006 1397 4085 aeternavit-

238 4126 240 4131 ·
332 4125 413 4186 tute
427 4108 572 4185 somnus
586 4120 649 4183 aut
662 4110 803 4208 requies
817 4105 891 4201 est,
915 4109 1017 4202 cuius
1031 4105 1165 4211 Angeli
1182 4109 1216 4185 dr
1231 4108 1399 4203 nomine,
