3317 4900
305 451 381 572 1'3'2‘
444 443 1113 550 ·²'''''S³.'H''a'nsn11''
1195 513 1198 518 ·
1287 457 1292 466 ’
1365 437 1368 444 ’

410 658 443 729 3.
469 630 527 706 Ad
537 632 682 727 primam
695 627 790 708 e'nirn
804 631 1070 726 Apostolorum
1082 633 1377 729 pradicationem

306 739 382 814 hoc
399 735 614 828 praecipuum
628 732 729 807 fuiffe
745 734 966 808 credentium
978 738 1198 831 praeconium
1208 739 1373 836 legimus,

308 834 408 938 quod
432 835 580 907 dicitur:
618 827 705 905 Erat
720 833 814 908 enirn
830 835 991 907 omnium
1013 835 1235 911 credentium
1252 858 1316 912 cor
1337 842 1375 913 ta

308 940 423 1010 anima
439 953 523 1027 una,
550 929 681 1005 assensn
699 933 837 1025 eadem,
867 935 1061 1007 voluntate
1078 952 1154 1007 non
1177 934 1375 1033 dissonans,

307 1034 380 1110 fide
397 1029 513 1118 socia,
541 1033 672 1106 amoris
693 1053 734 1105 ac
751 1031 937 1106 sententiae·
954 1034 1187 1108 unanimitate
1204 1037 1373 1130 perfecta.

305 1135 356 1211 Et
376 1136 448 1207 hoc
470 1131 617 1216 testatur
636 1133 696 1205 ille
714 1134 874 1228 gentium
893 1129 1033 1206 nostor
1050 1134 1192 1206 dicens:
1229 1136 1285 1210 Ut
1299 1137 1372 1219 fitis

306 1254 432 1310 omnes
449 1230 618 1329 perfetti,
646 1233 776 1306 eodem
791 1228 910 1326 sensu,
935 1232 1059 1306 eadem
1077 1229 1262 1311 sententia.
1323 1235 1373 1311 Et

304 1331 460 1434 rursum:
486 1331 638 1425 Impiete
656 1332 821 1427 gaudium
837 1352 969 1423 meum,
994 1346 1035 1404 ut
1054 1331 1201 1426 idipsum
1217 1334 1372 1430 sapiatis,

304 1431 472 1528 eamdem
488 1431 697 1504 charitatem
716 1430 914 1523 habentes,
939 1433 1145 1525 unanimes,
1171 1454 1280 1508 unum
1294 1435 1372 1511 sen·

305 1537 452 1618 tientes,
478 1531 566 1604 nihil
587 1551 652 1626 per
671 1533 948 1624 aemulationem,
974 1530 1049 1605 srve
1063 1550 1129 1625 par
1139 1532 1278 1609 inanem
1292 1539 1371 1632 glo-

302 1635 391 1708 iiam
414 1645 581 1728 agentes,
614 1628 730 1704 sedin
754 1631 955 1705 humilitate
975 1632 1132 1705 invicem
1155 1635 1370 1710 arbitrantes

225 1781 228 1790 ·
304 1734 510 1829 praeceiiere
525 1729 815 1823 superinvicem,
842 1727 1001 1823 nonsna,
1028 1730 1086 1803 sed
1101 1732 1250 1808 aliorum
1262 1755 1370 1809 unus·

303 1836 454 1926 quisque
468 1830 626 1903 vestrum
648 1830 946 1921 contemplantes.
996 1829 1082 1902 Hoc
1101 1831 1269 1924 Apostoli
1285 1855 1368 1931 gau·

303 1933 401 2008 dium
416 1929 487 2023 est,
525 1928 673 2024 idipsum
691 1949 759 2000 nos
780 1926 931 2032 sapere,¹
960 1949 1084 2003 amore
1105 1933 1234 2006 eodem
1250 1936 1368 2006 conti·

301 2036 402 2125 neri,
439 2047 504 2124 per
533 2033 637 2103 unius
662 2023 778 2100 sensus
800 2025 1011 2103 sententiam
1028 2033 1210 2104 unanimes
1231 2053 1369 2125 perma-

219 2187 222 2200 .
301 2142 404 2225 nere,
431 2149 507 2204 non
528 2148 593 2223 per
612 2127 874 2210 emulationem
886 2124 1051 2223 separari,
1077 2149 1195 2222 neque
1214 2153 1278 2225 per
1291 2135 1367 2207 ina·

301 2235 357 2308 nis
385 2231 508 2328 gloriae
533 2225 683 2302 studium
709 2223 887 2319 diffidere,
925 2247 999 2300 non
1021 2227 1099 2321 sua,
1130 2227 1196 2316 ,sed
1213 2233 1367 2309 aliorum

302 2325 592 2424 unumquemque
609 2324 771 2424 cogitare
784 2342 978 2419 oporteret
1004 2342 1044 2399 ut
1062 2349 1113 2415 ea,
1141 2332 1266 2422 quibus
1281 2334 1369 2406 alie·

301 2456 356 2510 nae
377 2433 587 2505 voluntates
609 2427 647 2499 in
672 2426 869 2500 concordia
892 2427 1089 2501 detinenda:
1103 2425 1190 2521 fint,
1227 2431 1369 2526 cogite-

300 2555 391 2609 mus.
444 2528 556 2630 Quod
575 2528 645 2599 alio
664 2528 700 2599 in
715 2529 803 2599 loco
820 2527 1011 2620 admonet,
1042 2528 1181 2601 dicens:
1208 2528 1242 2601 Si
1260 2532 1368 2623 poffi·

300 2636 373 2707 bile
388 2629 451 2721 cst,
479 2648 525 2702 ex
541 2627 649 2700 vobis
665 2626 708 2699 ad
716 2647 843 2701 omnes
857 2648 982 2718 pacem
992 2629 1176 2702 habentes.
1226 2626 1282 2702 Ex
1297 2652 1366 2703 no-

240 2751 257 2765 ·
300 2733 355 2806 bis
377 2732 457 2801 vult
477 2725 563 2812 effe,
597 2739 658 2817 ut,
692 2725 891 2820 tipossrbile
910 2725 980 2819 est,
1013 2749 1082 2820 pax
1105 2728 1149 2800 ad
1167 2748 1291 2802 omnes
1308 2730 1361 2805 fit.

299 2831 484 2906 Voluntas
497 2824 617 2899 nostra
634 2827 793 2899 omnium
810 2827 973 2899 amicitiis
990 2827 1108 2900 dedita
1128 2826 1190 2917 sat,
1217 2828 1239 2900 sr
1257 2830 1290 2900 ir
1305 2850 1364 2902 ce·

300 2938 462 3012 t'erorum
477 2942 604 2998 natura
615 2927 745 2998 habeat
756 2926 853 3017 pacis
864 2923 1049 3013 affettum3
1076 2927 1273 3001 dummodo
1285 2949 1362 3002 non

293 3051 346 3111 ,ex
362 3027 468 3101 nobis
487 3026 610 3117 causa,
637 3039 698 3096 aut
716 3027 944 3119 interrupta,
969 3039 1030 3096 aut
1048 3046 1123 3097 non
1139 3026 1364 3100 conservatae

297 3129 396 3225 pacis
416 3122 551 3200 existat.
602 3125 688 3198 Hoc
701 3126 822 3214 itaque
839 3124 977 3216 populo
1000 3122 1068 3196 Dei
1084 3129 1270 3221 congruit,
1297 3127 1362 3203 sub

297 3248 374 3302 uno
390 3240 492 3320 patre
514 3224 678 3315 fratres,¹
692 3223 726 3296 δι
742 3220 804 3296 sub
829 3244 904 3298 uno
922 3220 1044 3316 spiritu
1064 3243 1173 3298 unum
1188 3222 1271 3316 effe,
1297 3223 1361 3301 sub

297 3324 498 3419 unadomo
520 3326 703 3398 unanimes
723 3322 909 3413 incedere,
949 3319 1010 3397 snb
1024 3342 1098 3396 uno
1120 3326 1238 3417 capite
1253 3327 1361 3400 unius

297 3426 465 3520 corporis
481 3427 639 3498 membra
655 3420 734 3494 effe.
786 3422 877 3496 Non
887 3425 980 3497 enim
994 3426 1120 3511 oculus
1130 3444 1250 3497 aurem
1265 3426 1361 3520 odit,

295 3547 365 3601 nec
389 3543 492 3597 nares
510 3544 552 3595 os
569 3534 805 3613 execrantur,
841 3543 910 3595 nec
929 3542 1050 3596 manus
1067 3523 1195 3615 pedem
1212 3521 1358 3618 spernit.

295 3627 385 3699 Haec
406 3625 500 3697 enim
520 3635 560 3692 ut
575 3619 700 3693 officiis
713 3622 845 3694 mutuis
865 3621 946 3712 fibi,
973 3623 1072 3694 ita&
1098 3642 1222 3694 amore
1241 3623 1362 3698 distri„

296 3723 349 3798 t‘ta
370 3722 459 3797 sunt.
511 3721 595 3794 Hoc
605 3720 801 3811 jncundum
819 3720 854 3791 ἀ
872 3722 1006 3793 bonum
1024 3717 1088 3812 est,
1115 3722 1277 3796 habitare
1290 3724 1359 3796 fra·

293 3837 368 3896 tres
386 3826 562 3913 inunum,
588 3823 624 3893 io
642 3821 771 3892 eodem
791 3817 875 3913 effe,
902 3821 995 3893 idem
1014 3816 1095 3909 etse,
1119 3844 1188 3895 nec
1206 3840 1357 3919 congre·

293 3925 441 4021 gatione
459 3918 559 4012 fieri,
585 3939 654 3992 nec
671 3938 794 3992 amore
813 3917 987 3993 diversos.

391 4040 427 4111 4.
454 4017 770 4112 Comparationem
790 4035 884 4089 vero
903 4019 1006 4110 huius
1024 4019 1113 4093 boni
1133 4019 1358 4114 jucundique

281 4118 473 4217 Propheta
500 4118 708 4213 constituit,
743 4116 885 4193 dicens:
921 4121 1013 4191 Sicut
1032 4138 1229 4215 unguentum
1243 4128 1286 4239 jn
1308 4150 1361 4197 cu-

423 4262 432 4277 ·
795 4254 808 4261 ··
844 4246 847 4251 ·
1215 4238 1302 4317 pate,
