3317 4900
463 349 508 390 ·>

304 433 399 515 '104
662 415 699 498 S.
747 395 1044 496 litterari

329 577 642 674 comprehensibili
665 581 772 656 nobis
798 582 945 656 virtutis
974 581 1041 655 suae
1067 602 1179 675 opere
1196 581 1397 659 constituit.

329 681 421 758 Non
435 681 529 755 enirn
544 701 625 754 cum
643 681 687 754 ad
698 682 891 776 imaginem
903 681 971 754 Dei
984 684 1166 756 hominem
1180 683 1281 777 fecit,
1307 700 1398 757 tunc
1426 744 1433 754 .

331 783 514 877 &corpus
530 779 663 854 effecit
716 781 863 855 Genesis
883 783 1113 878 docetlonge
1126 782 1263 876 postea,
1290 805 1395 874 quam

332 880 377 954 ad
389 879 658 976 imaginemDei
671 881 784 954 homo
796 882 1007 972 mattarios,
1035 883 1397 975 pulveremsumtum‚

331 979 598 1072 formatumque
619 1000 773 1073 corpus3
809 982 939 1054 debinc
961 981 1095 1054 rursum
1117 983 1154 1053 in
1175 985 1326 1056 animam
1343 984 1399 1054 vi·

331 1093 481 1154 ventem
498 1087 562 1172 per
579 1078 844 1172 inspirationem
863 1081 932 1152 Dei
952 1081 1101 1171 saelum,
1127 1096 1289 1155 naturam
1303 1085 1396 1154 hanc

331 1177 470 1254 scilicet
481 1194 657 1253 terrenam
674 1195 780 1270 atque
796 1181 974 1256 coelestem
989 1183 1144 1272 quodam
1156 1182 1397 1275 inspirationis

332 1279 470 1356 foedete
490 1281 704 1372 copulatam.

256 1471 258 1476 Ι
432 1384 465 1454 ό.
492 1378 567 1452 Scit
584 1378 616 1451 se
633 1382 758 1452 beatus
772 1377 955 1470 apostolus
969 1379 1095 1452 Paulus
1113 1401 1176 1472 per
1187 1379 1398 1454 interrorem

274 1505 276 1510 ·
334 1455 595 1552 &exteriorem
607 1479 787 1552 hominem
803 1477 873 1553 diss
876 1478 970 1555 dere
1022 1479 1107 1552 Per
1099 1481 1306 1552 interiorem
1323 1481 1398 1569 qui·

335 1579 416 1652 dem
434 1577 621 1651 bominem
645 1579 724 1651 dele
728 1578 839 1650 tlatur
856 1580 955 1674 lege,
992 1600 1056 1694 per
1071 1582 1289 1651 exteriorem
1304 1600 1399 1651 vero

228 1709 232 1726 r
333 1677 432 1769 hbe,
460 1677 559 1769 quod
580 1699 656 1750 non
679 1681 783 1757 vult,
810 1681 899 1773 agit:
927 1700 1007 1752 cum
1024 1680 1174 1752 interior
1193 1679 1306 1752 homo
1331 1676 1398 1771 spi·

333 1780 423 1852 ritus
452 1796 564 1868 opera
592 1777 782 1857 desiderat,
817 1780 978 1850 exterior
999 1779 1400 1873 voluptates,corporis

335 1875 570 1970 concupiscit.
634 1876 731 1973 Ergo
757 1878 798 1946 ad
818 1878 1004 1969 imaginem
1025 1878 1093 1950 Dei
1113 1879 1225 1951 homo
1247 1880 1400 1951 interior

335 1974 485 2052 effedlus
505 1974 556 2048 est
572 1978 808 2066 rationabilis,
836 1978 994 2069 mobilis,
1020 2000 1189 2068 movens,
1216 1979 1322 2070 citus,
1348 1978 1401 2049 in·

336 2095 560 2168 corporeus,
589 2073 744 2166 subtilis,
771 2091 936 2149 eternus.
1002 2080 1186 2175 Quantum
1205 2078 1241 2149 in
1270 2077 1303 2149 se
1325 2076 1398 2168 est,

334 2175 487 2267 speciem
505 2189 640 2247 naturae
656 2176 859 2267 principalis
877 2179 1048 2258 imitatur,
1075 2177 1157 2249 durn
1174 2177 1400 2268 transcurrit,

336 2275 420 2350 dum
434 2275 687 2365 circumvolat,
715 2274 859 2347 &diuo
879 2276 983 2348 citius
1000 2277 1199 2350 nuncultra
1211 2275 1401 2350 Oceanum

337 2374 402 2467 est,
428 2376 576 2449 nuncin
593 2376 704 2446 coelos
727 2377 867 2466 evolat,
895 2378 1044 2449 nuncin
1067 2376 1190 2468 abyffis
1211 2378 1274 2466 est,
1300 2395 1402 2446 nunc

265 2542 269 2547 .
338 2474 528 2548 Orientem
547 2474 860 2565 Occidentemque
876 2475 1074 2567 perlustrat,
1102 2479 1402 2567 dumnumquam,

335 2575 524 2662 utnonsit‚
540 2575 719 2662 aboletur
740 2575 1037 2669 (naturaquirlem
1049 2575 1401 2648 Deiinhisomnibus

337 2673 389 2746 est
398 2673 440 2771 >
465 2694 582 2763 neque
600 2687 641 2745 ut
660 2668 742 2745 alibi
763 2675 861 2764 adfrt,
890 2676 1031 2747 decedit
1042 2676 1193 2748 aliunde
1247 2673 1316 2746 Sed
1330 2695 1402 2745 am

336 2794 394 2846 ma
420 2774 621 2844 humanam
646 2774 712 2845 hac
733 2771 847 2876 sensus
861 2771 908 2846 sui
927 2777 1129 2848 mobilitate
1151 2775 1219 2846 ad
1212 2775 1401 2889 imaginem

338 2869 500 2963 Opificis
511 2872 558 2943 sui
573 2871 661 2944 fasta
677 2872 748 2963 est,
759 2859 929 2945 dumt
869 2897 912 2946 na
916 2890 1028 2945 tutam
1046 2875 1115 2946 Dei
1132 2874 1310 2946 mobilitas
1328 2876 1400 2944 ani-

285 3048 287 3057 ,
335 2992 402 3044 rnre
428 2971 593 3062 perennis
618 2974 795 3053 imitatur,
827 2974 948 3046 nihil
939 2996 974 3044 m
1001 2973 1035 3045 se
1057 2975 1166 3045 habet
1186 2975 1401 3064 corporale,

310 3160 312 3169 Ι
335 3072 425 3143 nihil
447 3085 650 3162 terrenum,
677 3075 762 3143 nibil
782 3094 914 3169 grave,
941 3074 1027 3143 nibil
1044 3074 1227 3145 caducum.
1279 3069 1328 3139 Et
1342 3090 1407 3140 au·-

336 3170 472 3243 diamus
493 3171 608 3243 adhuc
626 3171 771 3244 Paulum
793 3176 865 3244 hoc
886 3175 933 3242 ita
952 3173 1164 3245 docentem:
1192 3169 1402 3261 Exspolian·

336 3283 392 3342 tes
418 3283 580 3343 veterem
598 3271 779 3344 hominem
806 3292 886 3344 cum
907 3270 1008 3366 gestis
1025 3274 1121 3363 ejus,
1158 3272 1402 3344 &induentes

281 3420 289 3453 1
335 3389 491 3483 novum,
518 3371 576 3461 qui
591 3387 789 3442 renovatur
804 3374 839 3443 in
857 3373 1101 3465 cognitionem
1114 3370 1327 3443 secundum
1319 3391 1421 3441 rma·

336 3469 453 3566 ginem
467 3468 662 3543 Creatoris.
723 3471 908 3561 Numquid
926 3473 1054 3559 aliquid
1077 3471 1268 3561 corporale
1287 3469 1403 3541 indui·

335 3591 438 3659 mus,
465 3590 545 3641 cum
563 3570 599 3640 in
619 3559 837 3662 agnitionem
856 3569 1104 3641 renovamur?
1130 3569 1244 3655 Nihil,
1271 3569 1403 3659 utopi-

336 3689 446 3741 nor.
481 3668 664 3741 induimus
682 3685 798 3749 autem
816 3688 912 3762 agni
915 3672 1034 3741 ionem
1054 3670 1143 3758 Dei,
1175 3666 1283 3740 fidem
1300 3685 1402 3739 aeter·

239 3766 241 3771 ’
335 3768 476 3857 nitatis,
501 3768 720 3840 innocentia
735 3769 994 3858 sinceritatem
1022 3770 1247 3841 &bonitatis
1268 3789 1400 3839 mores·

280 3904 304 3967 p
335 3862 425 3941 Haec
447 3869 539 3940 enim
564 3869 686 3945 animae
710 3891 818 3963 magis
837 3867 916 3938 sunt
934 3870 1161 3958 indumenta,
1201 3883 1400 3958 quamcor·

330 3965 455 4057 poris,
481 3985 558 4055 quae
575 3968 695 4040 omnia
713 3970 793 4041 ileo
813 3971 958 4082 propria
976 3968 1065 4043 sunt.
1117 3969 1227 4056 Hac,
1255 3970 1288 4036 in
1304 3964 1400 4057 agni·

336 4064 473 4141 tionem
488 4067 594 4159 novi,
621 4068 815 4144 induimus:
841 4084 882 4141 ut
897 4069 934 4140 in
952 4070 1050 4159 omni
1068 4066 1400 4236 ministeriostanimee

1200 4185 1249 4237 no
1282 4184 1349 4249 rae,
