3317 4900
327 463 331 469 '
409 451 689 530 Tunernrus
714 473 763 529 ru
788 449 976 530 CXLVI.
1000 451 1237 536 Psatuun.
1288 469 1361 557 289

293 615 479 692 Dominus
488 613 592 706 adlit,
620 614 688 688 erre
708 613 911 688 cessabunta
937 628 978 687 ut
993 631 1078 688 orto
1093 614 1167 689 sole
1183 617 1360 696 stellarum

292 721 417 792 lumen
433 717 636 805 hebetatur,
663 719 710 786 ita
733 715 939 788 &doctrina
951 719 1097 788 nubium
1110 716 1269 790 llomino
1284 719 1361 811 ipso

264 891 267 896 ,
288 819 366 910 jam
381 835 445 908 per
465 813 498 886 se
511 813 877 910 fulgentepraetereat.
933 816 997 886 Per
1009 837 1094 905 quas
1109 817 1212 889 etiam
1230 820 1272 889 ad
1286 818 1362 892 Do·

289 917 429 990 minum
448 912 716 1004 conscenditur,
749 914 829 986 dum
852 916 972 986 divina
987 917 1193 1004 predicatio
1213 919 1279 994 iter
1297 938 1363 990 no·

290 1017 349 1092 bis
369 1015 469 1108 regni
487 1012 634 1084 coelestis
653 1013 823 1086 ostendit:
849 1016 880 1084 d
897 1016 980 1086 ideo
992 1015 1045 1086 hae
1058 1019 1170 1085 nubes
1180 1017 1285 1085 nohis
1297 1037 1363 1107 po·

291 1115 369 1189 srtae
386 1113 466 1185 sunt
485 1114 519 1184 in
540 1108 727 1187 ascensum.
776 1113 923 1185 Veritas
947 1134 1091 1204 quoque
1108 1113 1176 1184 Dei
1191 1135 1303 1204 usque
1318 1115 1361 1188 ad

291 1214 410 1287 nubes
430 1212 570 1285 casdem
587 1211 656 1301 est3
683 1212 763 1304 quia
781 1210 867 1284 inse
885 1235 1004 1285 veram
1026 1212 1096 1285 Dei
1112 1216 1361 1308 cognitionem

290 1310 550 1387 haecdoclrina
570 1315 782 1403 prophetica
799 1313 976 1388 continet.

396 1433 431 1505 9.
458 1411 545 1483 Hac
562 1431 648 1506 ergo
669 1412 710 1482 ad
732 1412 1116 1485 commemorationem
1134 1409 1203 1486 Dei
1217 1409 1361 1486 landum

290 1519 537 1584 creaturarum
554 1531 683 1603 genera
701 1509 811 1581 eleth
828 1509 927 1601 sunt,
956 1533 1124 1601 quaecum
1139 1506 1360 1603 praec'onium

290 1613 332 1684 in
348 1607 575 1686 seCreatoris
590 1608 834 1696 ostenderent,
862 1613 1099 1701 parabolicam
1111 1627 1244 1701 tamen,
1270 1611 1359 1702 srve,

290 1725 338 1784 ut
358 1707 555 1802 Apostolus
571 1710 630 1794 alt,
658 1711 958 1803 allegorumenam
974 1712 1081 1782 nohis
1102 1710 1297 1782 dodlrinam
1311 1712 1362 1784 ita

293 1823 580 1883 commemorata
597 1810 808 1899 preberent.
860 1807 996 1882 Culum
1015 1829 1103 1902 ergo
1120 1813 1272 1882 nubibus
1283 1809 1360 1882 litb-

290 1910 443 2004 tegitur,
471 1910 504 1978 id
525 1908 588 1995 est,
614 1910 828 1999 prophetica
843 1907 1123 1980 doilrinarehus
1143 1909 1193 1980 est
1210 1907 1361 1998 subjecta

291 2008 439 2106 divinis.
493 2007 731 2078 Pluviaterris
751 2006 969 2097 infunditur,
997 2009 1139 2098 eloquia
1158 2005 1362 2080 scilieetha·

289 2127 374 2180 rurn
396 2105 629 2178 subtedlarum
646 2109 791 2178 nubium
809 2107 1100 2202 profunduntur,
1134 2127 1198 2198 per
1213 2128 1289 2196 quae
1308 2110 1361 2180 in·

290 2204 466 2282 fruduosr
493 2203 553 2294 ipli
577 2223 683 2295 atque
705 2207 790 2277 aridi
815 2207 857 2278 ad
884 2207 1080 2279 eliciendos
1107 2227 1151 2278 ex
1169 2207 1274 2279 nobis
1289 2206 1361 2278 fru·
1441 2252 1446 2264 ·

292 2305 373 2380 dius
392 2306 493 2376 dono
509 2305 620 2378 divini
637 2307 756 2379 imbris
772 2305 1015 2380 humescimus.
1068 2301 1115 2376 Et
1129 2307 1206 2378 haec
1217 2307 1361 2395 eloquia

293 2405 420 2481 divina
445 2419 621 2494 tamquam
639 2407 788 2479 imbrem
806 2405 1033 2501 intelligenda
1049 2404 1118 2477 esse
1134 2403 1283 2496 Moyses
1308 2417 1361 2477 te·.

289 2504 406 2581 status
433 2503 484 2576 est
505 2506 643 2577 dicens:
684 2501 916 2594 Exspesletur
933 2505 1022 2577 sicut
1040 2506 1164 2598 pluvia
1178 2504 1362 2594 eloquium

292 2626 436 2695 meum,
464 2604 493 2673 dr
516 2602 731 2675 descendant
747 2604 836 2675 sicut
848 2625 909 2677 ros
929 2608 1040 2676 verha
1060 2625 1150 2694 mea,
1177 2619 1218 2675 ut
1236 2605 1361 2694 pluvia

291 2704 402 2797 super
422 2724 578 2798 gramen.
641 2704 728 2775 Haec
753 2724 841 2798 ergo
862 2721 964 2775 terrae
982 2706 1102 2793 pluvia
1123 2719 1361 2795 preparatum

292 2824 362 2899 per
382 2822 486 2894 quarn
503 2802 634 2874 suenum
650 2804 686 2875 in
707 2806 890 2876 montibus
907 2803 1140 2895 producitur,
1177 2802 1362 2894 &jumen-

292 2906 343 2977 tis
367 2901 403 2974 in
424 2899 536 2973 escam
564 2902 744 2992 propriam
763 2905 954 2994 praebetur.
1007 2903 1151 2993 Opinor
1173 2902 1363 2976 fecundio-

291 3022 354 3075 res
370 2998 439 3073 elle
456 3004 778 3092 montibusvalles,
807 3022 884 3093 quae
894 3000 1204 3093 circumjestorum
1216 3004 1363 3075 collium
1451 3068 1452 3073 ,

293 3121 467 3177 concavo
494 3102 625 3173 declivi
648 3100 682 3171 in
707 3101 740 3172 se
768 3104 919 3174 hutnore
939 3101 1187 3196 pinguescant:
1221 3100 1255 3173 u
1276 3100 1363 3191 quid

292 3198 448 3274 rationis
473 3198 544 3281 est,
582 3214 622 3271 ut
650 3201 691 3271 ad
716 3194 827 3273 esc'arn
841 3202 1085 3293 iumentorum
1100 3200 1252 3293 produci
1268 3198 1364 3271 foena

293 3300 487 3397 laudentur
508 3301 544 3370 in
570 3298 778 3371 montibus?
820 3300 867 3370 Et
888 3320 1096 3391 quamquam
1123 3302 1241 3391 plures
1259 3318 1363 3371 mon·

295 3414 354 3473 tes
370 3396 534 3471 fecundis
549 3399 747 3470 verticibus
767 3414 874 3489 atquc
884 3400 1040 3472 herbidis
1050 3396 1149 3486 sunt3
1176 3411 1294 3470 tamen
1308 3416 1364 3469 re·

297 3518 377 3571 turn
396 3499 638 3590 corporalium
657 3499 862 3572 nominibus
877 3499 1037 3591 spiritalis
1052 3497 1212 3571 dodirina
1224 3494 1363 3568 conser-

299 3610 339 3669 ta
362 3596 422 3671 est.
489 3597 699 3669 Producunt
718 3619 806 3693 ergo
831 3616 974 3671 montes
997 3599 1169 3687 jumentis
1189 3598 1224 3668 in
1249 3590 1364 3669 escam

297 3692 394 3771 suam
407 3695 559 3770 frenum:
586 3696 642 3769 sed
655 3714 813 3787 montes,
842 3694 1365 3790 quiexultaveruntsrcutarie-

297 3810 378 3875 tes,
410 3799 446 3868 in
465 3817 555 3885 quos
571 3802 778 3887 frequenter
794 3797 975 3892 Propheta
992 3800 1123 3869 oculos
1139 3795 1276 3884 erexit,
1315 3792 1364 3864 di·
1399 3814 1407 3829 ·

297 3916 404 3971 cens:
433 3896 569 3966 Levavi
583 3898 711 3968 oculos
726 3920 826 3971 meos
841 3901 876 3970 in
893 3912 1048 3969 montes.
1099 3893 1148 3967 Hi
1161 3914 1249 3991 ergo
1262 3913 1369 3966 mon·

295 4008 383 4083 tes,
420 3992 726 4086 patriarcharum,
760 3996 1041 4088 Prophetarum,
1077 3991 1365 4087 Apostolorum,

298 4090 506 4186 Martyrum
527 4094 751 4190 altitudines,
777 4090 914 4172 soenuni
931 4091 1126 4191 pecoribus
1143 4094 1365 4190 producunt.

348 4196 388 4269 S.
403 4196 533 4270 Hilarii
549 4187 638 4269 Tum
652 4194 717 4271 ΙΙΙ.
958 4190 996 4267 T
1269 4186 1337 4267 Β..
