3317 4900
306 485 386 562 ruit
536 459 925 550 Sunt,uan.0a1ara
952 487 1137 556 couuru.

304 644 370 722 per
385 615 579 699 custodiam
595 572 744 700 deini
758 622 1055 702 reservabuntur:
1065 631 1093 673 “
1118 628 1155 705 id
1166 627 1364 706 existiman·

305 746 371 840 dus
386 743 436 820 est
450 742 601 836 sentire,
626 746 725 836 quod
740 744 948 854 Lailantiua
961 749 985 821 l.
996 771 1032 841 7.
1048 769 1080 824 c.
1093 770 1151 832 21,
1162 750 1223 824 ubi
1236 750 1364 824 babet:

304 920 333 962 „
344 865 425 939 Nee
439 880 556 942 tamen
568 867 750 957 quitquam
760 880 863 960 putet
875 867 1006 941 animas
1017 868 1098 963 post
1112 883 1266 943 mortem
1279 890 1365 963 pro·

303 986 582 1079 tinua'Judiceri.
645 985 783 1060 Omnes
805 990 842 1068 in
862 1008 933 1062 una
959 986 1119 1060 custodia
1133 988 1362 1083 detinentur,

303 1108 425 1183 donec
442 1120 583 1201 tempur
600 1106 782 1191 adveniat,
807 1129 883 1199 quo
900 1108 1072 1182 maximus
1085 1108 1362 1202 Judexlmerito·

209 1278 211 1285 ι
303 1227 504 1316 rum-faciat
522 1228 719 1303 examen.“
770 1224 845 1314 Etsi
858 1229 953 1304 errim
969 1232 1007 1302 in
1022 1249 1093 1302 una
1109 1230 1245 1326 custodia
1262 1249 1361 1302 voce

302 1369 383 1421 cum
403 1348 468 1420 illo
490 1342 709 1440 consentiat,
742 1347 779 1421 in
798 1369 841 1422 ea
864 1364 983 1422 tamen
1001 1349 1229 1444 intelligenda
1250 1349 1363 1445 longe

301 1467 464 1558 dissidet,
498 1486 580 1542 cum
603 1468 735 1564 custodia
762 1469 856 1560 apud
876 1467 1097 1544 Ladantium
1113 1472 1235 1543 locum
1249 1489 1378 1560 quen.

301 1589 381 1664 dam
397 1585 516 1662 clauso
536 1590 668 1660 carceri
689 1589 831 1664 similem
847 1588 972 1680 sonet,
997 1575 1091 1682 apud
1113 1589 1285 1662 Hilarium
1300 1608 1362 1660 au·

300 1725 374 1784 tem
395 1705 659 1799 protectionem
678 1707 849 1803 Domini,
874 1732 919 1786 ex
938 1712 1038 1801 cujus
1058 1706 1362 1788 societatesmtti

301 1830 346 1903 ab
369 1828 467 1902 omni
487 1830 583 1902 malo
608 1844 853 1926 protegantur.
901 1830 1010 1905 Unde
1032 1834 1068 1904 in
1090 1826 1143 1907 Ps.
1170 1851 1250 1925 1¹9·
1270 1836 1301 1921 §.-
1324 1851 1358 1907 1.

300 1927 433 2039 docet,
458 1948 544 2021 nihrl
559 1952 710 2032 ¹nobisn
728 1949 835 2024 seculi
847 1943 1031 2025 ¹'violentia
1046 1950 1263 2041 timendum,
1287 1975 1360 2021 caru

302 2069 423 2164 Cirrifli
439 2069 623 2156 consortium
645 2092 728 2141 nors
751 2071 914 2166 adquirat.
964 2071 1035 2144 Sed
1058 2071 1093 2144 dt
1114 2086 1267 2162 uterque
1283 2071 1363 2144 hoo

296 2191 452 2266 maxime
466 2189 659 2284 discrepat,
684 2190 783 2280 quod
800 2212 881 2266 cum
897 2191 1085 2266 Lastantio
1100 2193 1139 2266 in
1154 2211 1224 2264 una
1239 2188 1361 2276 cullu-

297 2311 357 2386 dia
373 2311 599 2384 detineantur
612 2310 736 2383 animae
751 2331 899 2395 omnes,
931 2312 1051 2405 justae,
1084 2308 1291 2403 &injustae,
1323 2308 1360 2382 dt

298 2432 441 2526 quidem
460 2430 561 2504 nullo
579 2430 717 2523 praevio
728 2430 880 2527 judicio,
905 2432 1045 2507 Hilario
1060 2427 1267 2504 incullodia
1280 2429 1360 2503 Do·

297 2554 385 2633 mini
403 2549 632 2626 reserventur
645 2570 722 2627 unae
737 2551 861 2623 animae
873 2547 997 2625 fideles
1012 2567 1119 2642 atque
1131 2548 1244 2642 iustae,
1269 2550 1360 2627 &ut

296 2673 337 2757 in
353 2671 405 2745 Ps.
423 2695 482 2762 57.
501 2669 534 2766 §-
551 2694 584 2762 7.
601 2672 740 2761 innuit,
766 2668 940 2765 praemisso
960 2687 1064 2745 antea
1076 2672 1226 2764 judicio.

306 2864 310 2871 .
399 2791 568 2865 Ladantii
584 2791 750 2884 opinioni
767 2789 878 2864 affinia
887 2793 938 2866 est
945 2791 1158 2867 Tertulliani
1170 2789 1358 2883 sententia,

297 2934 367 3005 qua
394 2914 480 2987 licet
503 2911 727 3003 Martyribue
746 2910 941 3002 paradisum
965 2914 1166 3003 concedat,
1203 2913 1356 3000 reliquae

296 3034 557 3111 umenanimas
582 3034 652 3122 „in
662 3030 1018 3105 recessuintimo&in
1031 3031 1103 3127 ipsa
1115 3046 1211 3103 terra
1221 3045 1356 3124 operto

297 3154 442 3233 &intra
459 3151 564 3246 ipsam
581 3151 698 3225 clauso
710 3155 738 3193 “
762 3154 798 3223 in
814 3152 907 3225 diem
921 3151 1068 3225 Domini
1084 3150 1234 3227 detinet.
1284 3151 1358 3223 Sed

294 3274 390 3351 hauc
406 3272 669 3347 disunttionen
691 3273 833 3367 ignorat
853 3271 1022 3362 Hilarius,
1047 3272 1108 3360 qui
1125 3292 1200 3344 non
1214 3269 1355 3360 Marty-

265 3448 268 3453 -
295 3415 354 3468 rer
370 3392 484 3479 solos,
518 3392 576 3466 sed
592 3392 705 3485 justos
723 3413 871 3482 omnes,
908 3411 985 3463 non
1004 3391 1040 3462 in
1062 3390 1284 3463 subterranea
1301 3389 1354 3460 in·

295 3513 456 3593 ferorum
479 3513 717 3600 obscuritate,
757 3511 815 3586 sed
844 3511 881 3583 in
906 3510 1019 3583 beatae
1040 3511 1168 3602 quietis
1184 3509 1355 3602 honore,

295 3632 425 3711 Christi
447 3635 656 3709 conformes
673 3632 770 3708 facit.

396 3751 465 3826 Sed
478 3776 525 3828 ne
537 3753 737 3849 Vigilantio
748 3751 889 3842 quidem
901 3745 1124 3843 suffragatur,
1149 3767 1255 3838 quem
1270 3747 1352 3820 Hie·

295 3885 471 3966 ronymus
485 3875 546 3947 ubi
571 3873 786 3946 memoravit
805 3868 952 3942 sentire:
978 3869 1074 3958 „vel
1089 3867 1126 3937 in
1146 3866 1221 3939 srnu
1239 3864 1353 3937 Abra·

293 3993 371 4086 he,
397 3993 459 4067 vel
476 3993 512 4065 in
529 3998 617 4067 loco
637 3989 831 4085 refrigerii,
858 3990 918 4060 vel
936 3985 1054 4059 subter
1073 4004 1169 4059 aram
1188 3986 1259 4059 Dei
1283 3986 1356 4057 ani·

282 4135 370 4203 uuas
381 4111 646 4207 Apostolorum
662 4115 722 4187 vel
730 4111 933 4202 Martyrum
943 4103 1151 4199 consedisse,
1174 4127 1243 4181 uec
1254 4104 1357 4198 posse

1234 4224 1305 4297 suia
