3317 4900
301 447 373 522 ³30
579 419 676 502 ·s.
725 396 1037 534 th'aatt

302 601 409 662 terre
428 581 677 680 nuncupavit?
712 581 783 658 Sed
808 587 1008 680 proprietas
1033 584 1085 660 est
1106 585 1297 680 querenda
1320 587 1376 662 di·

302 687 461 776 ciorum,
488 704 592 778 quam
607 681 641 756 ἀ
658 683 921 775 Apostolorum
940 684 1118 767 officium,
1146 686 1301 779 &ipsius
1322 687 1375 761 sa·

301 789 346 862 lis
373 801 499 860 natura
526 783 750 860 monstrabit.
808 781 867 858 'Sal
889 784 941 859 est
960 788 996 860 iu
1020 786 1053 859 se
1072 807 1149 858 uno
1173 789 1372 862 continens

304 907 404 980 aque
421 885 455 958 ἀ
473 885 562 980 ignit
575 885 809 973 elementum
837 885 957 960 &hoc
967 907 1010 960 ex
1024 886 1166 960 duobus
1180 887 1238 961 est
1250 909 1373 966 unum.

302 987 376 1066 Hic
393 987 502 1084 igitur
517 987 553 1058 in
569 1005 678 1058 unum
694 982 792 1058 usum
808 985 949 1060 humani
969 987 1108 1082 generis
1125 985 1299 1078 effecius,
1326 990 1376 1065 in·

303 1086 578 1180 corruptionem
596 1087 826 1176 corporibus,
854 1085 1285 1178 quibusfucritaspersus,
1313 1090 1375 1164 im·

300 1186 427 1286 pettit,
455 1186 547 1258 &ad
562 1205 707 1258 omnem
725 1181 858 1258 sensum
876 1187 1012 1258 conditi
1030 1185 1163 1277 saporis
1179 1187 1376 1282 aptissimus

301 1287 365 1362 cst.
416 1284 584 1378 Apostoli
609 1297 727 1357 autem
750 1284 829 1358 suut
851 1303 969 1359 rerum
990 1284 1183 1360 caelestium
1203 1288 1376 1380 praedica·

302 1399 427 1475 tores,
463 1385 726 1460 &aeternitatis
752 1385 855 1456 velut
872 1383 1024 1460 satores:
1059 1389 1375 1462 immortalitatem

233 1535 236 1542 -
303 1489 471 1562 omnibus
497 1484 735 1577 corporibus,
774 1485 901 1574 quibus
926 1507 1051 1559 eorum
1072 1483 1190 1560 sermo
1217 1485 1375 1583 aspersus

252 1645 255 1654 .
302 1587 433 1674 fuerit,
467 1582 720 1672 conserentes,
748 1600 878 1675 atque,
904 1600 945 1658 ut
964 1585 1120 1681 Joannea
1139 1583 1311 1680 superius
1331 1605 1377 1664 tc·

299 1685 361 1762 uis
380 1683 449 1771 est,
477 1682 697 1758 sacramento
722 1703 819 1774 aque
836 1685 997 1780 ignisque
1016 1683 1175 1776 perfecti.
1234 1687 1375 1765 Merito

300 1785 409 1882 igitur
426 1782 470 1856 sai
490 1793 595 1858 terrae
617 1785 813 1874 nuncupati
833 1782 936 1874 sunt,
962 1805 1027 1881 per
1043 1786 1224 1859 virtutem
1248 1787 1373 1867 doctri·

301 1905 357 1962 uae
373 1883 515 1956 saliendi
530 1883 642 1958 modo
659 1884 847 1956 eternitati
863 1903 1022 1976 corpora
1031 1883 1281 1960 reservantes.
1306 1886 1370 1962 Sed

298 1979 426 2060 natura
443 1983 519 2058 salis
538 1981 673 2076 semper
689 1983 809 2055 eadem
828 1981 893 2072 est,
920 2005 989 2058 uec
1003 1985 1182 2060 immutari
1205 2005 1372 2084 umquam

301 2084 434 2180 potest.
491 2083 629 2158 Verum
654 2082 734 2171 quia
745 2082 979 2158 conversioni
995 2083 1108 2158 homo
1123 2083 1319 2180 subjacet,
1343 2086 1372 2162 st

300 2183 398 2260 solus
411 2185 552 2272 beatus,
579 2183 637 2272 qui
652 2201 766 2270 usque
781 2181 822 2253 ad
840 2178 947 2258 finem
963 2184 997 2255 in
1017 2185 1188 2261 omnibus
1199 2186 1274 2260 Dei
1293 2209 1371 2282 ope·

298 2287 398 2358 ribus
419 2279 665 2376 permanserit,
699 2283 783 2356 ideo
808 2302 892 2373 eoa,
927 2282 972 2359 sal
990 2298 1093 2362 terrae
1110 2303 1368 2382 nuncupator,

298 2399 427 2463 monet
444 2385 480 2455 in
499 2381 637 2455 traditae
655 2381 718 2456 sibi
736 2381 923 2475 potestatis
943 2384 1080 2460 virtute
1096 2383 1307 2478 persistere,
1330 2407 1368 2464 nt

297 2485 463 2561 infatuati
473 2480 703 2573 nihilsaiiant,
731 2482 1366 2577 &ipsisensuacceptisaporisamiffo

297 2584 489 2657 vivificare
504 2596 677 2675 corrupta
692 2601 767 2655 non
784 2584 927 2674 poffint,
953 2584 986 2654 δι
1005 2582 1153 2676 projecti
1183 2586 1234 2660 de
1248 2587 1365 2663 Eccle-

297 2684 354 2761 fiae
369 2682 620 2776 promtuariis,
647 2703 727 2754 cum
745 2682 819 2776 hit,
846 2702 938 2777 quos
954 2684 1122 2780 salierint,
1148 2688 1365 2780 pedibusiu

296 2784 500 2859 cedentium
515 2796 758 2874 proterantur.
1167 2802 1172 2813 ·

401 2903 457 2955 11.
490 2887 552 2954 Vos
575 2881 644 2964 eliis
664 2883 769 2951 lumen
791 2883 913 2956 mundi.
963 2881 1105 2956 Natura
1124 2884 1281 2961 luminis
1303 2884 1366 2977 est,

294 2993 339 3057 ut
360 2983 497 3065 lucem,
531 3001 759 3071 quocumque
776 2982 1068 3064 circumferatur,
1100 2984 1276 3079 emittat,
1302 2989 1366 3059 iila·

294 3094 444 3172 tumque
462 3081 594 3152 edibus
615 3084 780 3154 tenebras
798 3082 999 3173 interimat,
1032 3084 1112 3154 luce
1135 3082 1363 3159 dominante.

293 3180 408 3277 Igitur
432 3181 582 3253 mundus
602 3195 703 3251 extra
722 3183 970 3274 cognitionem
987 3181 1058 3254 Dei
1077 3181 1222 3274 positus
1245 3186 1364 3260 obscu·

293 3285 440 3355 rabatur
457 3281 668 3375 ignorantie
691 3284 868 3355 tenebris:
904 3282 962 3352 cui
986 3301 1049 3374 per
1069 3281 1288 3376 Apostolos
1312 3284 1362 3359 sci

292 3383 399 3457 entiae
416 3383 536 3452 lumen
555 3380 760 3470 invehitur,
789 3382 1000 3478 &cognitio
1018 3381 1085 3452 Dei
1103 3382 1248 3473 claret,
1278 3386 1361 3459 &de

290 3483 414 3573 parvis
444 3501 571 3551 eorum
602 3478 842 3574 corpusculis,
881 3500 1110 3574 quocumque
1134 3480 1360 3577 incesserint,

291 3580 355 3659 lux
371 3581 528 3653 tenebris
547 3578 772 3653 ministratur.

395 3702 452 3757 12.
482 3684 560 3751 Non
582 3678 674 3774 peresi
694 3684 814 3748 civitas
830 3677 973 3765 abscondi
985 3679 1080 3774 supro
1100 3698 1250 3755 montem
1270 3686 1358 3777 aedifi.

290 3796 386 3871 cata,
419 3803 517 3875 neque
538 3781 710 3850 accendunt
724 3780 902 3864 lucernam,
940 3786 977 3854 (7
993 3797 1122 3877 ponunt
1137 3807 1212 3851 eam
1233 3789 1290 3872 sub
1305 3808 1358 3857 mo·

287 3881 352 3970 dio,
379 3879 571 3970 &reliqua
626 3876 821 3951 Civitatem
839 3900 996 3970 carnem,
1024 3901 1126 3969 quam
1139 3882 1353 3973 asfitmserat

286 3991 490 4071 nuncupat:
517 3981 598 4070 quia
614 3991 656 4049 ut
671 3978 799 4050 civitat
815 4000 861 4049 ex
879 3981 1055 4051 varietate
1074 4001 1114 4051 ac
1125 3987 1355 4059 multitudine

287 4078 444 4156 confistit
464 4080 722 4167 habitantium
755 4078 806 4151 ita
818 4079 856 4153 in
876 4099 945 4173 eo,
977 4100 1042 4174 per
1059 4095 1233 4159 naturam
1252 4086 1357 4159 susce·

1260 4189 1314 4281 pti
