3317 4900
370 383 373 390 Ι
438 405 1206 540 §ouueurnr1·ue'1qurumum.
1282 449 1353 530 3²9

387 591 437 664 6.·
451 591 546 662 Beati
561 588 782 678 misericordes,
807 591 955 682 quoniam
968 587 1035 682 ipfis
1043 588 1238 676 miserebitur
1250 594 1353 670 Deus,-

290 688 586 766 Miseric'ordibus
618 687 868 761 misericordiae
890 708 1037 760 munera
1062 706 1246 782 praeperat
1308 691 1354 768 In

291 805 430 864 tentum
448 790 541 862 enim
561 787 659 860 Deus
676 787 943 860 benevolentiae
957 785 1132 860 nostraein
1151 810 1276 864 omnes
1292 792 1353 866 de·

291 889 444 966 lestatur
462 886 612 976 affeetu,
639 902 680 959 ut
694 885 968 960 misericordiam
987 885 1081 962 suam
1102 888 1239 964 fitsolis
1255 889 1353 968 mise·
1382 956 1386 966 .

289 989 492 1068 ricordibur
511 939 737 1080 praest'iturus.

394 1111 428 1179 7.
455 1091 548 1160 Beati
567 1088 682 1156 munde
697 1087 800 1174 carde,
834 1090 984 1180 quoniam
1002 1089 1107 1158 Deum
1121 1088 1176 1185 ipfi
1189 1091 1354 1168 videbunt.

292 1187 440 1264 Mundrs
459 1190 569 1260 corde
584 1185 811 1278 conspertum
835 1185 903 1258 Dei
924 1185 1087 1276 spondet.
1143 1188 1242 1264 Nihil
1260 1195 1354 1270 enim
1423 1193 1425 1200 ’

293 1289 472 1381 poiluturn
497 1287 528 1358 ἃ
551 1286 733 1360 sordidum
756 1288 798 1359 ad
823 1285 1011 1359 occursum
1033 1288 1164 1361 diuinae
1185 1292 1355 1368 claritatis

292 1387 435 1480 insistit,
470 1388 503 1459 ἃ
527 1389 570 1459 ad
590 1384 816 1476 conspertum
837 1385 907 1458 Dei
926 1388 1020 1458 ecies
1038 1385 1210 1462 obsoletae
1225 1397 1379 1468 mentis*

293 1488 502 1562 hebetatur:
536 1506 601 1559 eos
619 1484 752 1558 scilicet
770 1487 803 1558 ut
818 1484 930 1576 visui,
962 1486 996 1558 ἃ
1016 1485 1178 1560 occursui
1201 1489 1269 1564 Dei
1287 1491 1357 1568 effe

293 1600 474 1681 patentes,
502 1587 628 1677 quibus
644 1605 708 1677 per
722 1584 825 1658 animi
839 1587 995 1658 nitorem
1013 1591 1150 1661 aevitae
1164 1592 1356 1680 puritatem

291 1686 450 1782 potestas
474 1686 516 1761 iit
539 1684 749 1760 contuendi.
808 1682 898 1756 Non
919 1689 1011 1758 enim
1027 1688 1089 1761 nisr
1104 1686 1227 1782 spiritu
1240 1692 1358 1785 perfe-
1385 1714 1389 1721 ·

295 1787 362 1880 ui,
399 1786 727 1862 &immortalitate
753 1785 950 1874 immutati,
991 1787 1089 1874 quod
1109 1786 1192 1860 solis
1216 1793 1356 1868 mundis

295 1885 408 1964 corde
426 1886 633 1980 dispositum
653 1881 723 1978 est,
754 1883 850 1978 hoc,
877 1883 976 1976 quod
991 1884 1028 1957 in
1044 1885 1129 1962 Deo
1145 1887 1196 1963 est
1212 1892 1357 1966 immor·
1444 1945 1447 1950 .

294 1989 392 2078 tale,
419 2005 616 2058 cernemus.
1349 2023 1356 2044 .

399 2092 432 2164 8.
460 2086 555 2156 Beati
560 2085 682 2178 purifici
689 2103 702 2168 ,·
728 2084 947 2179 queniamfiiii
961 2088 1023 2158 Dei
1030 2085 1242 2160 verebuntur.
1294 2089 1358 2166 Pa·

298 2179 487 2258 cificorum
504 2182 692 2258 beatitudo
710 2183 918 2276 adoptionis
932 2183 983 2258 est
992 2205 1143 2276 merces,
1168 2201 1209 2259 ut
1217 2185 1279 2261 filii
1290 2187 1360 2264 Dei

289 2295 482 2372 maneant3
509 2304 637 2378 parens
656 2283 749 2357 enim
768 2287 926 2358 omniurn
944 2283 1044 2356 Deus
1059 2306 1152 2359 unus
1170 2286 1231 2362 est.
1283 2287 1359 2362 Ne·

296 2405 383 2477 que
387 2383 488 2457 aliter
512 2386 664 2457 transire
682 2382 718 2455 in
736 2384 1042 2477 nuncupationem
1061 2385 1200 2462 familiae
1222 2388 1297 2480 ejus
1319 2389 1359 2463 li·

298 2485 415 2575 tebit,
450 2484 511 2557 nist
538 2484 729 2557 oblivione
746 2503 866 2557 earum
890 2504 1007 2556 return
1024 2483 1196 2578 assumta,
1232 2490 1373 2580 quibus.

295 2582 475 2678 possemus
498 2583 657 2677 offendi,
695 2583 894 2659 fraternae
884 2586 1043 2658 rnvicem
1067 2587 1248 2661 charitatis
1270 2608 1360 2729 pace

296 2684 476 2759 vivamus.

399 2804 433 2878 9.
462 2785 572 2866 Beati,
604 2806 661 2880 qur
655 2781 917 2876 perfecutiemm
939 2789 1111 2879 patiuntur
1128 2802 1253 2883 propter
1266 2786 1361 2884 justi·

296 2888 399 2976 riam,
430 2883 633 2973 etreliqua.
686 2881 844 2956 Perfeeta
867 2883 909 2957 ed
934 2882 1151 2975 postremum
1168 2908 1233 2961 eos
1251 2888 1361 2961 beati·

297 2983 424 3058 tudine
452 2999 679 3074 muneratur,
714 2985 842 3073 quibus
872 2985 993 3057 omnia
1016 3006 1085 3075 pro
1118 2984 1261 3061 Christo
1286 2987 1361 3081 pati

295 3102 433 3179 pronus
453 3082 599 3157 affeiius
621 3082 690 3155 est.
723 3086 805 3173 quia
828 3081 902 3174 ipse
913 3082 1045 3174 Justitia
1059 3084 1121 3162 est.
1172 3087 1263 3161 His
1254 3088 1362 3182 rgitur

298 3184 334 3255 ἃ
336 3202 498 3298 ‘regnum
515 3181 735 3273 reservatur
760 3182 794 3254 m
810 3203 946 3255 merces
961 3184 997 3256 in
1012 3188 1105 3257 coeio
1119 3185 1265 3277 copiosa
1278 3204 1363 3278 pro·

242 3342 245 3375 3
297 3280 490 3374 mittitur,
506 3283 566 3374 qui
582 3284 618 3355 in
633 3296 822 3355 contemtu
839 3280 945 3354 seculi
960 3304 1134 3376 pauperes
1150 3284 1293 3379 spiritu,
1326 3284 1362 3361 it

242 3378 246 3471 ζ
297 3380 435 3457 demnis
448 3401 567 3457 rerum
584 3380 806 3474 presentium
816 3380 1032 3473 taurusque
1046 3384 1230 3476 probrosr,
1257 3384 1364 3459 &ad-

242 3480 245 3569 Ϊ
298 3478 422 3554 versut
443 3479 628 3555 maledieta
651 3480 838 3557 hominum
862 3480 1010 3555 coeiestis
1024 3483 1166 3576 justitiae
1184 3482 1365 3559 confesso

242 3580 244 3655 J
298 3600 382 3671 res,
407 3600 449 3652 ac
466 3580 634 3674 deinceps
653 3580 798 3677 gloriosr
816 3580 1068 3680 promissurum
1086 3584 1154 3657 Dei
1171 3594 1363 3678 martyrem

242 3676 244 3685 ⁴
301 3698 448 3753 omnem
467 3680 553 3755 vitae
572 3681 670 3757 usum
689 3679 894 3756 testimonio
910 3684 1121 3759 eternitatis
1136 3685 1212 3777 eius
1229 3685 1365 3779 impeu·

298 3779 431 3855 derint.

405 3896 461 3953 10.
493 3876 558 3955 Vos
579 3881 647 3978 estis
669 3882 717 3968 sal
731 3898 844 3955 rrrrae:
876 3884 971 3975 Quod
981 3883 1008 3977 β
1020 3883 1153 3973 [ai'f
1094 3909 1130 3973 m
1132 3884 1296 3971 fatentem
1304 3880 1365 3977 sen

299 3982 387 4068 erit,
419 3979 618 4051 annihilem
635 3983 723 4051 vaiet
741 3986 793 4065 id,
826 3983 1060 4078 quaesiturae
1112 3985 1192 4078 Sal,
1218 3983 1365 4057 uturbi·

297 4094 395 4181 tror,
421 4093 526 4157 terre
545 4081 681 4159 nullum
697 4080 763 4158 est:
791 4082 980 4257 ‹ffomodo
997 4102 1086 4184 ergo
1101 4080 1305 4207 Apestoios
1318 4080 1367 4165 sti

857 4202 879 4273 5
1213 4198 1332 4257 term
