3317 4900
406 547 410 562 .
487 513 490 520 ·
529 471 839 552 -··1trScn1ern
861 455 1114 584 Hirrum
1286 487 1353 543 rat

288 644 324 730 in
342 639 496 735 quesita
511 636 555 715 fit
573 615 855 732 illa'diveriitaa3·
887 635 1104 727 priusquam
1123 629 1277 726 penitius
1295 629 1355 703 in.-

289 763 527 862 vestigemus,
559 754 791 833 removendae
811 754 892 828 sunt
911 754 1094 827 nonnullo
1107 749 1350 853 suspicioner‘,

290 903 369 979 quae
386 907 410 961 e
425 882 542 958 verbis
557 876 799 972 superioribua
817 875 996 948 oriuntur.
1073 880 1077 887 '

392 1003 431 1101 i)
392 997 691 1076 rcevendum
681 994 855 1089 inprimis,
880 1017 944 1089 ne,
967 1013 1048 1071 cum
1066 991 1222 1071 Hilarius
1239 997 1351 1074 dotet

289 1145 359 1222 per
373 1142 518 1222 regnum
534 1118 600 1195 filii
616 1118 666 1191 ad
673 1135 822 1212 regnum
835 1112 950 1190 Patris
963 1114 1163 1208 perveniri,
1188 1114 1225 1192 id
1239 1138 1285 1192 eo
1298 1120 1351 1194 io·

289 1242 436 1320 teneuu
456 1238 580 1316 dixisse
603 1235 843 1328 existimetur,
869 1219 944 1327 quo
965 1232 1088 1308 asserit
1105 1233 1295 1316 lrenreuel.
1315 1257 1363 1338 5·

291 1383 323 1440 c
345 1385 404 1457 32.
417 1358 546 1437 Christi
559 1377 709 1457 regnum
723 1355 795 1431 effe
818 1355 1067 1448 „principium
1082 1333 1353 1453 incorruptela,

292 1504 356 1580 pet
371 1482 472 1576 quod
487 1500 660 1579 regnum,
685 1476 746 1570 qui
762 1476 859 1574 digni
876 1474 1028 1570 fuerint,
1054 1467 1234 1572 paulatim
1241 1478 1357 1554 assue-

293 1602 397 1677 scunt
423 1619 555 1697 capere
579 1597 750 1674 Deum.“
810 1595 895 1669 Hoc
922 1597 1055 1693 quippe
1084 1596 1180 1673 dixit
1195 1597 1354 1676 'Irenaeua
1420 1687 1422 1692 ¹

295 1720 434 1820 Papiae,
459 1723 608 1818 ejusque
623 1715 825 1810 sequacium
842 1713 1083 1792 chiliastarum
1098 1735 1225 1795 errore
1242 1721 1358 1798 imbu-

295 1821 387 1936 tua,⁷
418 1862 531 1935 aquo
552 1838 635 1915 sane
656 1837 787 1933 procul
805 1833 903 1911 abest
919 1833 1045 1909 Hilarii
1059 1835 1243 1916 sententia.
1290 1837 1359 1915 Ille

296 1964 393 2036 enim
408 1960 555 2037 Domini
567 1979 716 2058 regnum
727 1958 766 2030 in
780 1953 993 2053 spiritalibus
1009 1955 1142 2031 deliciis
1157 1959 1358 2064 constituit,

296 2094 390 2177 pute
408 2082 445 2155 in
468 2101 580 2175 pace,
613 2077 898 2154 &unanimitate
917 2073 1149 2171 Sandorum,
1173 2081 1209 2153 in
1230 2067 1362 2158 Christi

301 2197 491 2298 consortio
509 2196 917 2290 &benedictionum
948 2196 1004 2271 isti
1021 2197 1059 2272 in
1078 2197 1184 2272 tertia
1202 2198 1237 2274 dr
1256 2199 1363 2273 volu·
1434 2177 1436 2184 ¹

300 2310 459 2417 pt'atibue
471 2317 645 2413 terrenis,
678 2330 720 2389 ut
738 2315 870 2390 merito
885 2316 1102 2414 Augustinus
1122 2320 1146 2394 l.
1166 2341 1224 2399 20.
1239 2320 1285 2393 de
1305 2309 1363 2392 Cis·

301 2442 370 2528 vit,
391 2438 463 2515 Dei
483 2461 516 2517 c.
535 2462 594 2516 21.
613 2437 757 2512 carnales
779 2438 847 2508 idos
861 2440 942 2510 mide
957 2464 1061 2512 annos
1076 2454 1213 2537 vocet,
1247 2442 1363 2536 quiin

300 2561 495 2636 carnalium
516 2580 636 2637 rerum
652 2556 830 2633 affluentia
841 2550 1039 2652 ponuntur.

407 2677 550 2755 Deinde
575 2680 668 2777 apud
691 2678 778 2752 istor
808 2698 958 2775 regnum
983 2678 1112 2756 Christi
1138 2682 1365 2761 nonadeunt

303 2797 444 2882 Sardi,
476 2801 539 2874 nist
554 2799 636 2894 post
653 2793 948 2873 resurreiiionem
966 2800 1187 2899 universam,
1212 2803 1306 2895 apud
1324 2805 1368 2878 il.

304 2923 380 2996 lum
400 2930 520 2996 autem
542 2942 597 3003 en·
603 2912 735 3017 gaudet
747 2908 861 3011 justus
878 2919 1027 3011 quisque
1042 2917 1156 2996 statim
1173 2923 1254 3017 post
1269 2946 1368 3000 mor-⁴

276 3126 279 3133 ,
306 3054 398 3116 ιειηι
440 3040 617 3117 Praeterea
633 3041 709 3132 eius
728 3038 934 3132 opinionis,
960 3061 1030 3133 qua
1045 3041 1368 3144 Sandoninreguo'
1437 3138 1440 3145 Ι

279 3254 281 3260 Ι
307 3160 438 3237 christi
466 3161 616 3236 detineri
641 3161 795 3252 dicunt,
830 3158 951 3243 donec
976 3164 1145 3255 paulatim
1170 3164 1369 3239 assuescant

310 3303 442 3379 capere
460 3279 593 3374 Deum,
617 3281 714 3354 nulia
734 3277 785 3353 est
798 3279 893 3372 apud
904 3279 1078 3356 Hilarium
1093 3286 1152 3359 vel
1165 3270 1386 3362 teduinum·

309 3405 386 3479 bra.
437 3399 624 3475 Postremo
642 3397 878 3474 Chiliastefie
892 3405 1136 3496 cognominari
1151 3405 1244 3499 suna,
1271 3406 1372 3499 quod
1392 3410 1401 3447 ’-

315 3521 411 3596 mille
427 3538 605 3594 annorum
619 3518 799 3592 curriculo
812 3537 962 3615 regnum
978 3518 1127 3598 Domini
1143 3527 1293 3601 interris
1305 3528 1375 3604 die·
1420 3527 1422 3531 ’

314 3640 566 3720 terminarent:
598 3638 709 3735 quod
714 3638 869 3714 Hilarius
888 3641 989 3715 nullo
1007 3658 1111 3716 certo
1126 3645 1293 3729 locorum
1312 3658 1376 3724 rut

312 3773 520 3851 tempomm
541 3757 656 3852 spatio
677 3754 824 3853 definit,
858 3755 917 3835 sed
934 3758 1123 3839 indefinite
1146 3764 1189 3839 ad
1204 3764 1378 3859 judicium

310 3898 433 3972 uaque
446 3880 640 3970 protendit.

419 3994 553 4091 Neque
569 4020 663 4076 vero
673 4001 720 4076 in
739 3997 939 4078 hiertam
928 4021 964 4073 rn
980 3996 1032 4077 Ps.
1051 4022 1130 4084 120
1146 3999 1178 4099 d.
1197 4011 1252 4086 16.
1243 4004 1381 4102 .,‚Ex·

316 4133 450 4197 euntea
468 4131 589 4199 autem
607 4122 654 4199 de
667 4140 824 4218 corpore
839 4121 883 4196 ad
902 4120 1090 4201 introitum
1110 4130 1212 4227 regui
1230 4128 1386 4211 colestia

813 4262 883 4333 cs
1268 4266 1333 4348 per
