3317 4900
291 451 295 470 ’·
331 405 618 560 Tarentus
643 463 696 518 an·
719 385 1213 554 calaritanensem·
1256 455 1328 539 κῃ

255 623 326 698 aua
344 604 518 684 adversus·
531 605 615 680 ,lraec
629 605 735 678 nobis
759 603 1025 697 providendum
1044 600 1105 690 lit,
1142 601 1327 696 Propheta

261 705 493 787 demonstret
530 702 935 795 Etdemonstratplene,
950 687 1328 798 noninopesnbs‚ne··

261 808 529 904 queimperitos
538 805 755 895 relinquens,
765 823 846 876 cum
855 805 1191 896 aitailllallalylonr's
1202 805 1326 893 masere,

260 911 389 996 intus,
423 909 480 1002 qui
494 905 645 978 retribuet
660 905 719 975 rili
732 904 971 974 retributionem
984 920 1092 991 tunm,
1124 927 1216 1000 quam
1232 911 1326 974 ratri·

260 1005 470 1095 lutterulis.
519 1006 658 1085 Baetes,
683 1008 741 1098 qui
752 1003 892 1089 tenebit,
916 1004 955 1077 U
971 1005 1076 1075 odidet
1085 1005 1237 1099 parvulas
1258 1020 1328 1074 tuor

261 1108 308 1181 ad
321 1123 456 1205 petrns.
514 1103 658 1178 Vellem
677 1104 885 1195 percontari
904 1122 993 1194 eos,
1027 1105 1087 1194 qui
1104 1100 1237 1176 otiosas
1256 1101 1327 1176 elsa

264 1208 436 1304 spiritales
457 1201 673 1280 Psalmorum
695 1203 947 1298 intelligentias
969 1203 1189 1292 existimant,
1221 1223 1328 1294 quant

265 1309 327 1382 hic
341 1304 546 1398 aPropheta
558 1303 755 1394 Babylonia
770 1299 880 1377 filiam
896 1303 1020 1376 dietam
1032 1301 1101 1375 esse
1111 1304 1329 1399 intelligant:

267 1403 533 1498 &‚quomodo‚
567 1421 647 1476 cum
671 1400 828 1492 superius
849 1400 998 1493 superba
1022 1399 1094 1475 lilia
1110 1400 1339 1494 Babylonis„

263 1526 362 1580 nunc
383 1500 508 1579 misera
530 1502 584 1576 stt.
645 1498 715 1572 Sed
740 1501 820 1589 quia
840 1498 957 1574 sensus
974 1501 1125 1599 legentis
1146 1503 1331 1593 corporali

264 1605 500 1703 intelligentia
517 1613 635 1692 caret,
667 1598 829 1691 spiritalis
844 1601 937 1671 ratio
960 1603 1140 1674 trailanda
1157 1599 1219 1677 est.
1270 1601 1330 1674 Ad

264 1705 445 1780 infelicem
460 1702 554 1776 enim
570 1700 664 1774 illam
680 1696 903 1772 confusionis
919 1699 953 1770 dt
969 1690 1249 1796 perturbationis
1263 1707 1331 1774 noi

263 1804 343 1878 strae
363 1807 505 1877 carnem
528 1797 643 1874 sermo
663 1799 780 1873 omnis
796 1800 1016 1885 revertitur,
1042 1821 1118 1890 qua
1137 1797 1330 1874 secundum

264 1903 422 1979 historiae
439 1897 547 1975 fidem
563 1921 607 1972 ex
619 1898 843 1972 consusronia
855 1899 1016 1990 patribus
1027 1902 1144 1994 genita
1155 1899 1222 1972 est:
1249 1902 1334 1992 quia

269 2004 386 2076 omnis
414 2019 500 2072 caro
517 1998 706 2091 superioris
728 1999 842 2071 carnis
859 1997 910 2071 est
929 1993 1013 2072 filia.
1074 1996 1128 2069 Ex
1145 1999 1197 2072 lais
1217 2002 1331 2091 enim,

270 2104 331 2191 qui
352 2099 503 2192 primum
520 2095 673 2171 confusis
688 2097 814 2194 linguis
837 2095 1058 2171 confusionis
1074 2100 1221 2188 urbem,
1246 2117 1333 2189 ¹quae

267 2197 470 2292 Babylonia
480 2195 543 2288 est,
569 2196 823 2287 condiderunt,
849 2194 1092 2270 universarum
1102 2199 1259 2288 gentium
1269 2198 1335 2268 ini·

270 2301 322 2372 tia
344 2296 498 2391 dispersa
517 2293 607 2372 sunt.
659 2295 746 2368 Haec
762 2316 851 2390 ergo
870 2294 994 2369 misera
1012 2293 1211 2387 Babylonis
1229 2295 1277 2366 est
1292 2293 1333 2368 li·

267 2400 330 2491 lia,
356 2395 473 2490 idest,
500 2416 586 2471 caro
602 2395 774 2470 omnium.
826 2393 893 2469 Cui
913 2398 972 2486 qui
990 2398 1165 2469 retribuet
1183 2396 1340 2469 ratitum
1405 2419 1410 2430 “

270 2500 390 2573 tiones
406 2497 503 2590 suas,
535 2499 661 2570 beatus
678 2494 748 2585 est,
775 2491 909 2568 scilicet
924 2498 983 2586 qui
1000 2518 1142 2569 carnem
1158 2494 1252 2571 suam
1271 2498 1336 2569 do·
1379 2492 1383 2505 '

270 2597 420 2673 minatui
438 2596 561 2670 anima
576 2595 788 2686 subjecerit,
824 2598 957 2689 quippe
975 2618 1051 2670 eam
1070 2595 1203 2686 spiritui
1220 2594 1335 2668 subdi·

272 2696 377 2771 derit.
428 2694 493 2768 Illa
511 2698 604 2768 enim
622 2715 747 2768 omnes
765 2715 852 2785 eos,
879 2699 937 2789 qui
955 2695 1127 2791 impertiti
1144 2697 1188 2768 de
1205 2694 1336 2769 Deo&

270 2796 384 2891 ignari
408 2809 529 2884 erant,
564 2794 729 2867 omnibus
754 2794 1052 2885 voluptatibus&
1074 2793 1250 2868 desideriis
1268 2794 1336 2869 suis

270 2894 471 2991 subegerat,
498 2893 1223 2985 &captivaementidominansimperabat.
1264 2893 1336 2969 Sed

272 3015 353 3068 cum
379 3014 443 3084 per
465 2995 713 3090 cognitionem
736 2992 888 3065 Deitatis
910 2996 999 3066 vitia
1020 2995 1118 3086 ejus,
1157 3014 1231 3068 non
1251 2984 1336 3068 dico

274 3094 496 3186 abolitione,
523 3093 580 3165 sed
597 3107 716 3167 morte
731 3093 978 3185 perimatur,
1005 3116 1085 3167 cum
1102 3095 1244 3190 religio,
1271 3115 1337 3188 pu·

273 3193 415 3286 dicitia,
439 3193 605 3289 largitio,
631 3191 828 3281 sobrietas,
858 3194 1075 3283 (licitantes,
1101 3196 1336 3287 impietatem,

273 3293 477 3384 libidinem,
503 3292 707 3380 avaritiam,
734 3294 969 3386 ebrietatem,
994 3292 1226 3383 simultatem,
1253 3292 1338 3367 odia

275 3388 559 3483 consrrmlrt„&
586 3391 751 3463 omnibus
775 3394 946 3482 operibus
967 3390 1105 3483 spiritus
1129 3412 1214 3465 caro
1240 3390 1337 3465 vitta

274 3488 485 3580 famulatur,
522 3504 611 3562 tunc
626 3494 750 3562 beatus
767 3489 837 3579 est,
871 3494 929 3584 qui
948 3494 1223 3565 retributionem
1241 3489 1338 3575 stram

277 3588 311 3661 ei
329 3590 513 3680 retribuit,
550 3590 586 3661 id
605 3589 674 3675 est,
711 3590 770 3680 qui
791 3590 1011 3666 dominatum
1027 3595 1064 3664 in
1082 3612 1159 3665 eam
1175 3590 1336 3684 spiritus,

277 3708 353 3779 quo
369 3689 420 3759 uti
438 3686 509 3779 ipsa
526 3690 563 3762 in
581 3686 735 3783 spiritum
753 3706 829 3762 erat
847 3688 967 3782 solita,
995 3693 1165 3765 demutat.
1305 3750 1308 3755 .

290 3808 292 3813 ·
380 3806 437 3885 Ι14.
462 3785 593 3879 Neque
612 3788 723 3863 solum
734 3792 932 3865 retributor
941 3790 1189 3863 retributionis
1198 3788 1346 3865 bermar.

277 3884 338 3963 sed
354 3885 387 3959 dt
403 3886 464 3958 ille
481 3885 602 3975 beatus,
635 3894 691 3987 qui
708 3891 847 3970 tenebit,
872 3889 911 3968 U
923 3893 1029 3961 allidet
1044 3890 1194 3984 paruulos
1214 3906 1282 3959 tuor
1297 3890 1342 3960 ati-

275 4005 409 4085 perram.
473 3985 618 4059 Virta
649 4008 866 4063 corrosis
896 4010 972 4068 non
994 3988 1073 4061 sunt
1093 3988 1235 4071 sinenda
1254 4008 1339 4059 soa·
1425 4022 1430 4045 ι

277 4084 434 4177 lescere,
468 4083 526 4159 sed
545 4087 582 4157 ln
599 4088 755 4183 exordiis
771 4087 887 4173 statim
905 4089 1087 4171 enecanda
1103 4089 1195 4169 sunt.
1245 4086 1340 4161 Peri·

327 4178 696 4283 ministerialis
844 4200 876 4221 ”
930 4182 978 4270 Μ
1190 4186 1291 4263 culo·
