3317 4900
221 531 226 600 Ι

222 631 227 720 ἱ
271 631 405 706 cultate
418 629 472 704 ilii
486 630 562 728 igni
576 629 840 725 prevalebunt,
865 641 998 724 quanta
1013 633 1188 708 charitate
1199 632 1334 716 fidei&

269 749 472 826 electioni·
485 747 613 826 Christi
627 753 664 826 iu
679 752 755 826 vita
771 747 1007 830 custodierint
1020 771 1210 849 precepta.
1219 759 1246 800 “
1320 756 1323 762 '

372 869 546 978 Appofite
557 867 902 968 itaqueaGregorio
911 871 1004 950 Nee.
1014 873 1076 950 sub
1088 876 1228 950 initium
1239 892 1333 956 orat.
1359 969 1364 980 Ι

270 995 328 1069 26.
339 991 537 1086 appelletur
561 990 972 1089 ,igmaulepostremue
996 991 1335 1084 ouonostraomnia

268 1113 538 1206 expendentur,
572 1126 633 1186 aut
655 1113 955 1208 purgabunturzt‘
981 1131 1114 1208 utpote
1137 1116 1216 1209 qui,
1250 1138 1332 1195 cum

268 1233 392 1308 sordet
400 1246 543 1329 purget,
553 1232 734 1327 expendet
741 1247 893 1325 tantum,
908 1254 950 1306 ec
958 1234 1092 1327 probet
1099 1231 1331 1316 sanctitatem.

224 1387 226 1436 i
345 1352 563 1450 ¹Duplicem
588 1353 683 1427 illam
702 1353 807 1446 huius
827 1352 918 1450 ignit
942 1355 1203 1449 proprietate·
1217 1358 1333 1454 tangit

223 1509 226 1522 ·
269 1469 438 1548 Caesarine
461 1473 501 1548 in
529 1494 612 1567 app.
632 1471 838 1546 sermonum
858 1470 1009 1568 August.
1031 1470 1134 1548 serm.
1161 1493 1218 1564 15.
1234 1472 1268 1570 i.
1294 1501 1332 1568 4.

269 1593 362 1687 „Ut
375 1612 487 1692 ergo,
512 1591 650 1686 inquit,
674 1588 828 1666 sanetum
843 1589 958 1684 Jacob
978 1591 1078 1666 Deus
1090 1591 1215 1668 noster
1228 1597 1337 1674 velut
1424 1599 1433 1628 ⁴

270 1733 394 1788 aurum
413 1703 604 1809 purgatum
617 1708 807 1803 injudicio
823 1707 1068 1804 presentaret,
1082 1713 1190 1806 prius
1207 1717 1332 1791 ubilin

272 1853 399 1932 omnes
425 1834 580 1907 metulae
602 1845 842 1926 peccatorum
859 1826 1034 1924 absterfit,
1059 1833 1156 1908 utin
1175 1855 1224 1910 eo
1239 1835 1332 1932 ignis

267 1953 329 2028 iiie
354 1952 506 2046 arbiter,
544 1953 643 2045 quod
661 1964 852 2046 exureret,
888 1950 1056 2062 invenire
1070 1972 1146 2026 noo
1164 1954 1343 2048 poffet.“·

269 2072 322 2145 Et
343 2069 507 2146 sermone
530 2092 609 2162 104
633 2073 671 2146 in
692 2073 817 2146 erdem
841 2091 922 2164 app.
940 2075 975 2164 §.
997 2079 1030 2152 8.
1051 2077 1246 2167 generatim
1266 2080 1339 2153 aitt·

222 2245 226 2256 .
269 2191 464 2288 „Aurum
489 2207 687 2286 argentum,
711 2191 846 2286 lepidos
862 2187 1043 2286 pretiosor
1057 2189 1337 2285 superedifican-

272 2324 351 2403 tes,
378 2312 575 2407 perignem
590 2311 710 2391 illum,
734 2309 780 2384 de
797 2331 870 2402 quo
887 2310 975 2384 dicit
991 2308 1211 2406 Apostolus:
1239 2313 1338 2413 Quia
1424 2373 1428 2386 ,

270 2434 305 2507 in
332 2432 415 2531 igne
441 2430 589 2507 Domini
608 2431 851 2506 revelabiturt
886 2434 1020 2525 absque
1041 2431 1338 2527 ullaviolatione

273 2551 528 2629 uentibunt.“
656 2582 658 2591 ·
1331 2614 1352 2627 ..

283 2716 286 2725 ·
372 2672 410 2747 si
426 2684 545 2745 eutem
561 2673 696 2764 absque
715 2670 789 2744 ulle
800 2669 1008 2745 violatione
1021 2682 1084 2742 aut
1098 2690 1200 2745 mora
1217 2670 1338 2771 ignem

269 2794 371 2869 hone
390 2791 615 2874 transibunt,
648 2792 776 2882 quibua
795 2789 886 2863 nihil
900 2788 1074 2883 supererit
1091 2793 1337 2889 purgandum,

270 2909 443 3007 sequitur,
470 2908 583 3004 quod,
608 2912 737 3004 quibua
755 2909 1340 3007 pluresrtbstergeneieetuntpto.-¹

271 3048 436 3107 cetorum
453 3033 614 3125 metuite,
641 3030 757 3104 uerius
772 3032 848 3106 vim
867 3030 942 3123 eius
961 3027 1128 3125 sentiant,
1154 3044 1216 3105 eut
1228 3032 1342 3107 etiem

271 3152 383 3227 ineo
411 3150 640 3225 detineantur
666 3149 810 3226 diutius.
870 3146 959 3223 Hoc
975 3171 1049 3243 prm
1075 3151 1206 3225 ceterir
1225 3151 1340 3225 dotet

267 3267 412 3347 Eusebii
429 3268 606 3346 Geilicani
625 3270 787 3362 homilia,
814 3288 918 3363 quam
932 3268 1049 3345 Fausti
1065 3268 1245 3368 Regieniir
1267 3265 1339 3347 effe

271 3392 477 3486 opinentur.
535 3386 579 3465 In
598 3410 641 3464 ea
658 3408 772 3484 porro
791 3391 913 3487 legere
931 3389 1000 3465 est:
1024 3395 1209 3492 „Quanto
1228 3388 1341 3463 fuerit

269 3514 410 3607 peccati
423 3510 587 3603 materia,
613 3523 714 3584 tante
724 3505 775 3583 est
784 3512 1188 3607 pertranseundimore.·
1215 3510 1341 3605 Quane

270 3644 350 3707 tum
367 3630 529 3728 exegerit
553 3629 679 3724 eulpa,
709 3641 849 3703 tentum
868 3629 932 3706 nbi
948 3652 993 3705 ex
1015 3630 1163 3706 homine
1181 3627 1341 3707 vindice·

270 3752 330 3849 itit
344 3750 502 3845 quedam
519 3746 669 3826 flamme
682 3746 905 3825 rationabilis
918 3749 1116 3847 disciplina.
1166 3741 1217 3819 Et
1228 3764 1339 3861 queue

268 3884 351 3947 tum
373 3867 479 3945 ibrlte
496 3870 664 3964 iniquiter
680 3866 836 3967 geffetit,
860 3884 1001 3945 tentum
1014 3867 1268 3962 sapienepma
1279 3868 1342 3943 de

269 3988 449 4069 ieviet.“
498 3988 588 4065 nee
615 3990 727 4069 verbe
746 3984 884 4064 rursum
900 3989 1012 4064 haber
1033 3966 1208 4084 descripti
1221 3990 1261 4065 iu
1279 4005 1340 4083 ap·

268 4111 431 4209 pendiee
447 4106 755 4211 Augustinisetn.
778 4130 862 4199 252.
877 4104 912 4207 p.
928 4126 962 4207 3⁸.
1266 4170 1271 4181 .

498 4274 506 4297 .
765 4246 840 4307 ee
1143 4208 1401 4340 heptat}

548 461 1050 549 reserrereHrtearr.
1096 465 1127 540 .·'
1229 495 1338 554 xnvrt
1411 453 1416 478 ⁸

218 2381 221 2465 i
