3317 4900
217 457 222 494 ·'
295 463 425 556 uram
543 437 1149 558 Summam'ceratacorrrru.

298 631 339 706 ln
356 625 469 699 celos
484 623 630 712 evolat,
656 618 775 711 fitque
796 624 944 714 evolat,
968 633 1031 710 ut,
1056 641 1138 695 cum
1152 621 1234 695 alibi
1257 621 1367 717 adit,

218 757 221 762 '
301 767 379 823 non
395 737 547 819 decedat
561 737 715 815 aliunde.
765 737 819 814 lta
839 741 945 816 etiam
959 739 1119 836 respeitu
1139 723 1365 839 voluntatis,

302 887 381 960 que
396 866 459 939 lib.
470 870 502 943 t.
517 859 808 953 deTrirrit.§rra.
821 877 921 934 morus
931 870 1045 934 mamis
1057 860 1240 958 definitur,
1267 884 1367 941 com.-

302 983 412 1061 mode
430 982 640 1078 intelligitur
658 1005 806 1069 eroum,
824 980 875 1056 -bt
891 983 1014 1056 mobilis
1032 984 1180 1058 animur.
1241 986 1365 1084 Quan-

303 1126 407 1201 quam
422 1122 540 1194 neque
557 1102 694 1193 poterit
706 1102 829 1176 harum
844 1120 979 1177 vocum
991 1103 1220 1199 ambiguitate
1234 1104 1365 1198 decipi,

303 1226 363 1320 qui
381 1222 547 1318 proxime
559 1223 597 1294 in
611 1221 739 1300 eodem
757 1224 845 1294 loco
860 1223 1007 1318 legerit:
1029 1205 1197 1315 „Arima
1210 1223 1376 1327 humana

301 1365 340 1422 tn
364 1345 431 1418 hac
456 1340 570 1415 sensus
590 1339 640 1413 sui
662 1340 864 1415 mobilitate
884 1343 927 1414 ad
948 1342 1136 1437 imaginem
1153 1339 1294 1437 opificis
1311 1343 1365 1418 sui

300 1464 392 1558 falia
410 1461 480 1554 est,
505 1461 588 1533 dum
607 1473 769 1534 naturam
782 1459 853 1534 Dei
863 1461 1044 1536 mobilitas
1061 1463 1183 1537 auimae
1195 1447 1364 1557 perennia

300 1561 480 1684 irrigatur,
514 1581 603 1649 nibil
623 1581 659 1652 in
682 1579 717 1653 se
732 1581 841 1653 habet
854 1584 1029 1680 corporale,
1054 1582 1144 1657 nihil
1159 1597 1363 1686 terrenum,

302 1707 390 1782 nihil
405 1721 529 1798 grave,
555 1699 879 1775 nihileaducum.“
929 1700 1024 1776 Nam
1040 1703 1364 1794 cumquiaqueani·

209 1913 211 1919 ,
303 1845 414 1916 mum,
440 1833 590 1913 propter
605 1807 803 1895 'voluntatis
821 1832 975 1913 motum,
1000 1823 1170 1897 mobilem
1182 1822 1282 1917 polle
1293 1824 1365 1898 diei

300 1942 401 2032 sciat,
428 1941 475 2026 src
490 1961 571 2015 eum
587 1954 760 2033 praterea
775 1939 835 2012 hic
846 1941 1093 2035 cognominari
1102 1941 1199 2038 audit
1208 1961 1360 2038 propter

303 2063 540 2140 mobilitatem
560 2057 685 2133 sensus.
715 2058 825 2132 ·Haec
838 2079 951 2153 porro
965 2063 1144 2136 mobilitas
1161 2062 1362 2137 cumablio·

265 2265 271 2272 ,
300 2204 404 2273 nem,
429 2201 508 2256 uon
525 2181 711 2254 levitatem
730 2177 837 2252 animi
849 2176 965 2271 sonet,
990 2180 1123 2256 ideone
1138 2185 1305 2278 perennia
1315 2186 1361 2259 ab

300 2303 444 2379 Hilario
459 2297 549 2374 diua
563 2297 628 2390 est,
656 2299 752 2390 quod
769 2298 978 2392 perpetuam
987 2297 1057 2374 elle
1064 2303 1279 2398 intelligeret
1289 2306 1375 2386 anis

301 2445 367 2507 me
378 2421 507 2498 nostre
519 2419 793 2516 cogitationem,
819 2414 1362 2517 quaepifieemsuumnunquam

300 2543 480 2632 otiosum,
507 2542 685 2635 nunquam
703 2559 780 2612 non
798 2554 1009 2631 operantem
1024 2543 1194 2618 imitetur.

348 2654 360 2762 J
403 2662 509 2737 Hanc
523 2640 667 2733 alteram
679 2656 849 2752 impreffe
864 2659 1034 2736 inanimo
1049 2659 1176 2735 nostro
1189 2664 1362 2760 imaginis,

301 2780 373 2857 Dei
394 2796 518 2855 uotam
541 2782 650 2857 allato
670 2779 758 2851 loco
777 2793 975 2873 memorat,
1014 2778 1112 2872 quod
1132 2785 1295 2859 nimirum
1315 2787 1358 2860 lit

301 2919 449 2975 aremus.
500 2896 638 2971 Animae
653 2910 771 2971 autem
785 2901 1020 2973 aeternitatem
1038 2903 1358 2994 atqueimmortali·

302 3034 413 3095 tatem
430 3039 510 3092 cum
523 3017 556 3090 ἃ
570 3015 664 3101 lide,¹
680 3017 714 3089 br
728 3020 871 3091 ratione
886 3016 947 3091 fibi
962 3036 1182 3114 compertam
1195 3023 1359 3122 testetur,

302 3151 431 3235 preter
459 3136 630 3212 sacrarum
654 3138 853 3212 litterarum
877 3136 1125 3216 aubioritatem
1142 3143 1234 3217 hanc
1250 3166 1359 3223 unam

301 3257 383 3335 diiii
400 3257 449 3331 sui
462 3258 638 3331 rationem
654 3254 773 3350 affert,
800 3257 897 3350 quod
907 3259 1001 3333 illam
1011 3257 1113 3335 Deua
1128 3284 1172 3336 ex
1181 3283 1278 3336 mera
1292 3267 1360 3339 bo·

230 3422 238 3446 κ
300 3381 416 3461 nitate
429 3376 488 3451 sur
504 3375 728 3465 condiderim
754 3375 874 3470 „Nec
892 3377 928 3451 id
944 3379 981 3451 in
992 3378 1190 3455 bonitatem
1199 3381 1275 3473 ejus
1286 3408 1359 3460 ma·

301 3500 386 3575 litiae
402 3490 526 3589 cedat,
551 3509 592 3570 ut
611 3496 647 3569 in
666 3495 772 3570 nobie
786 3495 859 3569 hoc
875 3493 972 3571 suum
987 3518 1134 3589 munus,
1160 3519 1233 3591 quo
1247 3499 1359 3576 nasci»

298 3637 393 3710 mur,
418 3616 641 3691 interimat.“
690 3613 808 3689 Porro
822 3632 955 3707 autem,
980 3630 1021 3688 ut
1037 3616 1097 3691 lib.
1117 3637 1148 3692 1.
1164 3618 1211 3694 de
1224 3619 1356 3699 Trinit.

301 3740 335 3829 §.
352 3762 385 3829 9.
400 3737 574 3827 loquitur,
599 3755 710 3827 „non
724 3733 794 3809 effe
810 3736 884 3808 hoc
898 3735 1039 3829 dignum
1050 3733 1148 3829 Deo,
1174 3741 1268 3813 ratio
1282 3741 1355 3834 ipsa

298 3854 524 3949 lbadebat,“
549 3854 763 3946 scilicetut,
795 3852 1016 3947 obedierit,
1049 3855 1225 3935 aboleret.
1282 3858 1353 3932 Ar·

296 3986 505 4072 gumeutum
520 3968 602 4048 sane
619 3976 797 4067 validum,
829 3968 1003 4046 &efficax
1020 3972 1179 4071 homini,
1206 3981 1265 4072 qui
1285 3981 1358 4055 auie

298 4094 667 4188 mamincorpoream
692 4097 870 4189 nullimue
880 4093 1042 4187 partibor
1050 4094 1273 4176 constantem
1285 4120 1356 4197 pre

1124 4282 1130 4293 .
1157 4285 1162 4295 .
1202 4230 1309 4294 certo
