3317 4900
342 439 414 536 33⁶
682 429 1082 516 &littam

340 593 1421 804 wldll‘ffi‘szlu‘sltllll‘lllffllli

342 801 544 872 verborum
575 793 830 870 sacramentum
860 797 1141 877 &esuritionis
1174 805 1354 884 satietatis
1373 805 1434 888 ul

341 897 466 974 selme
1428 929 1432 946 '

444 1017 476 1087 3.
503 988 685 1083 pharisei,
719 993 779 1086 qui
804 1015 914 1087 penes
931 995 1133 1076 seclauem
1158 1009 1345 1085 erulorum
1365 1010 1435 1087 elle·

341 1093 597 1181 existimarent,
621 1093 1317 1201 illiciteagerediseipuloseoargunnt:
1341 1134 1410 1205 quo

341 1197 523 1272 Dominus
537 1191 617 1264 secli
634 1193 725 1284 ejus,
752 1197 787 1264 in
808 1193 1087 1286 quosubrerum
1099 1225 1336 1300 argumento
1348 1233 1409 1305 pro

340 1295 474 1394 phetiae
497 1294 590 1366 ratio
614 1297 845 1384 continetur,
882 1296 1069 1369 admonuit
1096 1302 1239 1380 David
1257 1331 1333 1384 una
1350 1334 1407 1388 cun

340 1399 419 1486 his,
446 1393 507 1486 qui
518 1389 635 1465 secum
650 1392 798 1464 aderant
811 1390 1020 1470 esurientem
1037 1404 1206 1490 panibus
1220 1410 1360 1484 illicitis
1369 1433 1406 1485 en

339 1499 478 1594 pletum
491 1487 603 1563 fuill'e.
663 1489 794 1583 Neque
808 1497 903 1568 enim
920 1494 944 1567 fi
961 1517 1037 1569 non
1058 1500 1208 1579 licebat
1225 1504 1335 1604 fieri,
1356 1512 1402 1584 De

337 1596 401 1669 vid
417 1591 570 1680 creditus
591 1588 710 1663 suisset
725 1590 846 1665 fecisse
861 1592 933 1666 fine
946 1598 1112 1676 crimine.
1183 1605 1334 1683 Verum
1350 1611 1398 1684 fine

339 1693 494 1768 criminis
515 1692 659 1783 piaculo
673 1689 772 1764 fastis
790 1695 1036 1785 prophetatio
1053 1698 1164 1794 lege3
1192 1721 1243 1778 nt
1257 1709 1392 1804 ipseon

338 1794 490 1878 ceteris,
517 1791 668 1880 panibus
684 1792 940 1885 propofitionis
954 1796 1125 1886 expletus
1141 1801 1213 1890 fit3
1243 1807 1387 1882 itaque

337 1893 425 1968 dene
449 1887 626 1963 Christum
655 1910 736 1964 cum
755 1889 941 1984 Apostolir
964 1898 1133 1988 gentium
1155 1899 1283 1980 salute
1304 1908 1385 1982 sautu

335 1989 442 2084 dum,
467 1990 566 2083 quod
580 1990 709 2084 Judaeis
727 1993 888 2064 illicitum
908 1992 1108 2072 moeretur.

433 2114 469 2182 4
497 2089 656 2164 Alterius
673 2110 817 2183 quoque
832 2111 899 2164 eor
912 2093 1083 2168 admonet
1100 2104 1342 2198 prophetin
1364 2117 1388 2178 u

334 2188 570 2266 consummari
593 2190 630 2264 in
651 2187 686 2263 se
712 2191 857 2284 omnia,
893 2211 972 2285 quae
996 2199 1164 2273 anterius
1190 2203 1284 2282 sunt
1308 2208 1387 2296 dille,

332 2289 598 2388 cognoscerent
612 2289 650 2364 in
662 2290 762 2386 lege:
787 2285 967 2366 sebbuum
981 2294 1017 2365 in
1037 2302 1188 2392 templo
1205 2305 1387 2383 sacerdote

330 2394 475 2465 violare
489 2389 562 2464 une
579 2389 748 2465 crimine:
779 2393 951 2487 templum
970 2391 1005 2466 se
1021 2392 1139 2486 ipsum
1161 2401 1312 2483 scilieet
1328 2409 1387 2484 inl·

332 2512 440 2583 cane,
465 2492 595 2583 inquo
614 2510 677 2583 per
696 2488 927 2583 apostolicam
944 2491 1173 2594 doctrinam,
1204 2514 1348 2602 populo
1356 2513 1387 2582 le.

327 2595 382 2689 gir
392 2589 584 2663 infideliter
593 2590 746 2679 otiante,
762 2588 851 2663 suus
862 2593 1025 2688 gentibus
1035 2595 1169 2676 datur:
1197 2612 1384 2703 quiamejot

328 2688 402 2784 ipse
419 2691 460 2762 fit
479 2690 642 2779 sabbato,
669 2687 854 2781 &absque
870 2691 1014 2766 violate
1034 2695 1126 2792 legis
1144 2707 1280 2804 culpa,
1306 2730 1403 2787 even.

324 2791 439 2888 pelice
456 2787 546 2861 fides
567 2803 739 2879 operetur
754 2790 788 2860 in
812 2787 964 2866 Christo.

425 2911 460 2978 5.
488 2884 1381 2982 Atqueutostenderetomnemrerumefficientim

324 2988 419 3064 hanc
434 2986 586 3082 speciem
603 2985 1054 3083 futurioperiecontinere‚
1081 2997 1250 3087 adiecit:
1279 2984 1402 3080 Sim'

323 3090 465 3176 fineis,
499 3088 575 3183 quid
597 3087 652 3182 efl:
692 3092 945 3174 Misericordiam
962 3094 1051 3174 volo,
1083 3120 1158 3167 non
1178 3103 1400 3198 sacrificifflj

322 3211 497 3286 numquam
527 3183 776 3277 condemnaffitis
803 3192 993 3264 innocenter.
1046 3190 1158 3284 Opus
1187 3201 1320 3282 salutis
1339 3228 1382 3281 no

320 3286 401 3362 strae
417 3307 493 3360 non
512 3287 547 3358 in
562 3283 756 3378 sacrificio,
783 3286 841 3359 sed
857 3293 893 3360 in
909 3289 1155 3370 misericordia
1169 3301 1247 3378 est:
1277 3309 1379 3404 &lep

320 3385 490 3477 cessante,
516 3387 553 3458 in
570 3385 637 3457 Dei
650 3387 815 3461 bonitate
825 3386 1008 3464 salvamur.
1061 3390 1250 3486 Cujusrei
1266 3408 1376 3481 donun

317 3485 344 3561 sl
372 3483 646 3573 intellexissent,
683 3506 874 3578 numquam
897 3491 1198 3571 condemnassent
1222 3505 1378 3580 innocen

321 3599 391 3667 tes,
419 3584 535 3674 idest,
562 3583 777 3677 Apostolos,
805 3609 896 3677 quos
910 3589 1143 3667 insimulaturi
1162 3620 1280 3679 erant
1291 3621 1376 3678 trans·

361 3684 439 3759 elsae
455 3684 543 3778 legis
561 3684 716 3776 invidie,
751 3706 830 3759 cum
849 3686 1100 3763 sacrificiorum
1119 3701 1314 3779 vetustate
1327 3698 1373 3777 ces

330 3798 415 3857 ante
435 3784 605 3856 universis
621 3804 683 3874 per
704 3805 768 3856 eos
788 3784 1036 3859 misericordie
1050 3795 1207 3870 novitas
1226 3802 1369 3878 subveni·

313 3896 391 3954 ret:
416 3903 534 3974 neque
554 3881 800 3956 existimassent
811 3885 942 3958 sabbati
961 3891 1172 3985 prescripto
1185 3899 1367 3995 Dominum

419 3982 447 4113 Ιεἰ
462 3983 662 4057 continere.
713 3981 801 4057 Haec
812 3987 849 4057 in
861 4007 988 4081 campo
1005 3987 1094 4063 dieta
1107 3995 1365 4097 gestaquesmt

275 3980 465 4326 ἕ·-
503 4184 511 4191 “
1221 4205 1262 4278 6.
1283 4198 1333 4279 Et
