3317 4900
280 519 282 528 ,
368 385 1202 538 TricrrrusrstCXXlVJPssrrrunr.
1277 457 1326 556 sn
1412 405 1421 418 ’

259 605 485 704 Angelorum
498 598 734 676 multitudinis
753 599 1012 692 frequentium:
1037 598 1096 675 sed
1111 599 1162 676 est
1176 599 1325 688 ecclesia

258 707 550 803 primitivorum,
587 698 638 772 est
664 699 699 771 dt
723 699 870 772 ecclesia
898 696 1079 792 spirituum
1100 700 1137 775 in
1159 700 1321 776 Domino

257 806 506 882 fundatorum.
568 797 752 873 Fundsndi
765 818 854 895 ergo
874 797 988 872 sumus
1009 800 1046 872 in
1065 799 1206 893 spiritu,
1234 801 1322 874 &in

256 903 503 984 habitantibus
525 897 685 974 standum
703 898 775 991 est,
793 919 889 994 ‘non
911 900 1198 988 discurrendum
1234 898 1324 974 sicut

257 997 386 1097 Moysr
405 999 529 1075 ditlunr
547 997 615 1073 eil:
641 997 703 1072 Tu
719 1014 838 1072 autem
853 1019 993 1072 mecum
1005 997 1066 1072 sta.
1116 998 1206 1072 Non
1218 997 1324 1074 sunus

259 1102 488 1199 procurfibus
504 1099 599 1194 vagi,
625 1118 742 1191 neque
756 1099 823 1171 viis
838 1098 983 1190 incerti,
1006 1117 1123 1190 neque
1133 1100 1248 1172 inanis
1260 1101 1324 1172 do·

262 1205 382 1277 ttrinae
393 1189 506 1274 ve'nto
517 1201 719 1274 evolantes.
770 1197 1322 1276 Inaeternumenimmanendum

261 1302 335 1397 est,
361 1301 385 1375 st
401 1300 473 1375 fine
488 1299 738 1372 commotione
751 1297 963 1384 steterimus.

360 1422 394 1490 5.
420 1399 490 1473 Sed
506 1418 624 1488 neque
641 1396 765 1469 desunt
780 1397 870 1470 stare
888 1395 1098 1470 volentibus
1110 1395 1322 1474 sannorum

260 1499 451 1591 custodias,
487 1517 606 1588 neque
630 1495 855 1592 Angelorum
883 1498 1114 1573 munitiones.
1180 1498 1325 1574 Dicitur

263 1603 377 1676 enim:
408 1605 542 1672 Montes
564 1602 757 1668 incircuitu
779 1602 865 1692 rjus,
898 1600 936 1673 (l
955 1603 1113 1668 Dominus
1129 1602 1166 1668 in
1185 1605 1322 1670 circuitu

258 1707 368 1799 papuli
380 1701 487 1789 suits
504 1700 683 1774 sternunt,
708 1694 749 1774 U
768 1701 916 1792 usquein
928 1697 1076 1783 seculum.
1124 1699 1205 1772 Hos
1228 1701 1322 1774 enim

263 1801 457 1876 secundum
479 1796 661 1890 superiora
683 1796 849 1887 exempla
871 1808 1013 1868 montes
1028 1795 1098 1870 elle
1115 1797 1326 1876 existimabi-

262 1923 365 1991 mus,
398 1900 629 1972 humilitatem
648 1910 752 1968 terrae
767 1895 1007 1986 excedentes,
1037 1893 1183 1990 firmos,
1215 1900 1323 1974 &ex-

265 1999 401 2083 celsos,
436 1997 696 2070 &immobiles
748 1993 839 2070 Cum
863 1995 957 2067 enim
977 1994 1010 2065 dt
1028 2009 1188 2069 montem
1201 1995 1326 2095 fignifi-

267 2098 340 2171 cari
359 2093 569 2182 Ecclesiam,
596 2096 631 2165 id
645 2094 711 2166 este
739 2092 935 2168 Dominum
949 2094 985 2167 in
997 2098 1325 2193 corporeleginrus,

266 2199 302 2273 dt
318 2197 520 2280 invenimus
531 2208 673 2267 montes
688 2192 757 2265 Dei
771 2195 932 2266 exultare
947 2209 1054 2285 atque
1066 2196 1197 2282 laetari3
1224 2195 1326 2291 (scri-

263 2313 366 2391 ptum
388 2294 437 2369 est
459 2295 570 2368 eninr:
604 2291 755 2364 Montes
776 2294 981 2366 exultarunt
997 2308 1038 2365 ut
1059 2294 1209 2391 arietes)
1236 2318 1327 2389 quo.

263 2397 377 2473 modo
395 2392 576 2489 possumus
590 2405 748 2483 montes,
775 2412 850 2465 non
865 2391 1249 2489 eoshgnificatoselse,
1275 2399 1328 2471 in·

264 2499 449 2591 telligere,
475 2494 535 2588 qui
557 2492 659 2586 super
675 2507 854 2567 terrenam
871 2508 1032 2570 naturam
1048 2496 1194 2591 gloriosi
1213 2498 1327 2577 iamin

265 2596 340 2671 Dei
362 2600 468 2670 rebus
489 2595 662 2667 exultant.

369 2696 404 2767 6.
430 2694 486 2766 hc
506 2714 552 2765 ne
574 2694 658 2765 leve
676 2690 870 2784 presidium
889 2689 1096 2785 Apostolis,
1133 2696 1194 2769 vel
1216 2694 1326 2771 Patri·

268 2793 399 2885 archis,
425 2813 466 2865 ac
483 2790 686 2882 Prophetis,
712 2792 773 2863 vel
794 2792 916 2882 potius
936 2794 972 2863 in
990 2790 1153 2889 Angelis,
1181 2797 1239 2887 qui
1260 2794 1328 2871 Ec·

266 2884 405 2967 clessam
422 2890 571 2983 quadarn
592 2890 751 2966 custodia
767 2888 1060 2985 circumsepiant,
1087 2896 1325 2984 crederemus,

269 2991 441 3085 adjettum
459 2990 529 3063 est:
571 2992 618 3063 Er
640 2993 797 3062 Dominus
814 2995 852 3059 in
868 2996 1004 3061 circuitu
1020 2994 1125 3087 populi
1139 2996 1193 3082 sui
1212 3022 1251 3067 ex
1270 2998 1327 3069 hor

268 3118 375 3184 nunc,
409 3092 447 3169 θ
468 3114 562 3187 usque
584 3098 620 3159 in
634 3091 776 3176 seculum.
839 3088 908 3163 Sed
930 3090 1027 3165 forte
1044 3090 1327 3187 Apostolorum,

269 3194 331 3265 vel
352 3191 576 3287 Angelorum
593 3190 752 3263 custodia
774 3186 948 3264 sufficiens
963 3189 1191 3271 existimetur.
1253 3195 1328 3273 ve.

268 3313 348 3365 rum
360 3291 396 3364 id
414 3291 557 3383 quidem
575 3288 645 3378 est;
672 3288 731 3363 sed
749 3289 782 3361 dt
800 3288 958 3382 Moysen
976 3291 1168 3369 audiemus.
1219 3292 1328 3367 Nant-

269 3412 341 3482 que
360 3410 439 3464 cum
455 3390 488 3463 ei
503 3387 682 3483 Dominus
699 3385 854 3463 dixisset:
881 3386 978 3464 Ecce
993 3394 1138 3489 angelus
1158 3412 1257 3467 meus
1269 3413 1328 3465 sn·

268 3489 415 3562 tecedet
431 3505 489 3577 te3
521 3488 626 3561 &ille
639 3486 840 3580 respondit:
866 3488 940 3564 Nisi
960 3505 999 3563 tu
1018 3513 1155 3565 mecum
1178 3492 1330 3563 ambula·

271 3602 375 3659 turus
394 3610 446 3680 es,
472 3608 519 3662 ne
538 3610 596 3662 me
614 3588 771 3680 expellas
785 3587 880 3664 hinc.
929 3588 1070 3666 Bonum
1090 3590 1230 3679 quidem
1246 3611 1331 3681 pre·
1430 3618 1433 3625 ·

268 3686 394 3763 fidium
410 3689 552 3783 Angeli‚
579 3688 638 3761 sed
651 3687 775 3761 rnelius
790 3687 951 3765 Domini.
1002 3689 1129 3765 Multis
1141 3690 1254 3761 anima
1266 3710 1332 3765 no·

268 3787 342 3867 stra
364 3787 495 3877 laqueis
515 3788 716 3879 appetitur,
742 3788 862 3862 multis
883 3788 1049 3862 adversus
1068 3809 1137 3861 nos
1153 3790 1257 3863 armis
1278 3790 1331 3865 di·

269 3888 436 3963 micatur.
498 3884 586 3959 Non
610 3899 727 3979 terra,
764 3909 842 3961 non
859 3889 987 3970 maria,
1024 3907 1182 3987 nonest
1206 3886 1330 3965 afidoi

270 3985 403 4059 nostrae
418 3985 580 4076 periculo
596 4002 739 4064 vacent.
790 3986 950 4083 Rapiunt
972 3987 1101 4059 oculos
1119 3987 1261 4064 nostros
1275 3985 1332 4063 'ra-

269 4105 318 4161 rae
335 4076 516 4189 incogniti
536 4086 641 4165 maris
663 4107 830 4273 gemmDae,
874 4097 1032 4181 occupat
1053 4086 1207 4165 enimum
1229 4104 1334 4173 terras

827 4204 851 4297 5
909 4218 913 4223 ·
1138 4209 1285 4294 aurum,
