3317 4900
384 431 670 514 nantinus
695 451 747 506 tre
771 399 956 509 CXXXI.
980 429 1213 514 Psnuuurn
1241 407 1338 536 ἠρ

265 603 399 692 vobis,
433 597 538 691 quia,
571 614 649 686 que
664 589 794 668 fecistis
813 594 874 664 uni
890 615 935 667 ex
950 594 1102 668 minimis
1126 595 1219 688 istie,
1244 599 1334 676 mihi

268 700 412 780 fecistis.
483 695 552 770 Per
577 695 668 768 hanc
692 711 781 789 ergo
798 691 972 767 diuorum
993 695 1069 782 ejus
1084 689 1226 770 fidelem
1247 719 1332 789 pro·

266 803 454 880 senonem
469 813 643 888 pauperes
659 793 734 885 ejus
757 795 905 886 panibus
921 791 1063 866 saturat.
1114 793 1258 869 saturat
1273 817 1334 872 au·

262 919 344 978 tem
363 901 398 972 δι
416 916 483 986 eps
497 895 667 988 panibus,
694 894 752 982 qui
775 913 839 983 per
856 891 1091 968 humilitatem
1107 893 1227 967 cordis
1245 917 1333 972 con·

267 1016 494 1088 temtumque
510 989 614 1072 seculi
635 990 781 1083 seipsos
800 994 836 1064 in
858 1007 1068 1083 paupertate
1084 991 1331 1090 constituunt,

270 1120 366 1192 quos
387 1101 471 1168 cibo
486 1094 570 1168 vitu
586 1093 751 1186 perennis
773 1093 954 1183 explebit,
987 1092 1075 1166 sicut
1093 1094 1180 1166 loco
1195 1095 1266 1170 aiio
1282 1096 1333 1168 di·

271 1201 367 1276 &tum
387 1193 456 1270 est:
484 1193 626 1266 Diuites
639 1186 1085 1286 egueruntuesurierunm
1110 1193 1333 1285 inquirentes

271 1313 391 1374 autem
415 1295 608 1367 Dominum
631 1313 707 1363 non
729 1293 934 1364 minuentur
946 1292 1046 1366 omni
1062 1294 1178 1368 b0n0.

374 1402 430 1468 πό.
455 1391 599 1465 Dehine
617 1388 792 1480 sequitur:
824 1393 1002 1462 Sacerdotes
1021 1396 1088 1490 ejus
1102 1395 1231 1464 induam
1249 1393 1333 1478 laiu-

272 1501 357 1584 κη’,
391 1493 431 1570 U
446 1489 551 1578 [antii
568 1496 634 1588 ejus
651 1491 849 1559 exultatione
864 1490 1063 1568 exultabunt.
1114 1491 1332 1568 Sacerdotes

271 1596 430 1689 superius
447 1591 580 1690 Justitie
597 1589 806 1678 induuntur,
831 1585 890 1660 sed
906 1585 1103 1680 profestum
1117 1593 1270 1667 honoris
1283 1590 1338 1664 sui·

272 1697 431 1770 sumunt:
457 1685 596 1768 salutari
608 1686 742 1760 scilicet
754 1684 965 1780 induuntur,
991 1692 1200 1766 conformes
1214 1689 1334 1764 efferii

273 1797 395 1892 gloriae
412 1790 585 1865 salutarius
613 1788 709 1879 quia,
737 1784 928 1860 seeundum
950 1788 1178 1883 Apostolum,
1207 1792 1335 1870 decoe-

272 1897 316 1969 lis
342 1887 616 1966 salvificatorem
641 1887 801 1960 nostrum
824 1884 1083 1980 exspectamus,
1119 1893 1179 1981 qui
1199 1891 1334 1983 potens

273 1993 347 2084 est,
383 1987 573 2062 secundum
591 1988 839 2078 operationem
858 1983 1055 2061 efficientiae
1073 1983 1163 2079 suae,
1200 2010 1335 2079 corpus

273 2088 483 2166 humilitatis
511 2083 639 2158 nostrae
671 2085 903 2158 conformare
932 2088 1080 2178 corpori
1106 2089 1228 2182 gioria
1254 2088 1335 2166 sure.

274 2190 363 2266 Hoc
381 2207 469 2281 ergo
491 2184 627 2257 salutari
645 2182 848 2258 sacerdotes
864 2186 1085 2274 induuntur3
1111 2185 1169 2260 sed
1184 2187 1218 2260 δι
1231 2186 1337 2262 santii

275 2285 733 2374 exultationeexultabunt.
784 2282 952 2375 Superius
967 2288 1181 2360 exultabunt
1195 2299 1336 2362 tantum

276 2391 392 2464 adhuc
415 2388 452 2460 in
473 2385 680 2461 humilitatis
703 2402 861 2474 corpore
887 2385 1012 2486 popu,
1051 2384 1162 2480 &spe
1183 2399 1338 2461 tantum·

275 2488 390 2565 mode
416 2486 623 2559 aeternitatis
643 2483 733 2557 leti:
765 2490 924 2559 ceterum
950 2507 1048 2575 nunc
1065 2487 1222 2579 perfetis
1240 2486 1339 2559 exul·

275 2589 418 2661 tatione
440 2587 663 2673 exultantes,
697 2604 773 2655 non
795 2583 876 2678 spe,
914 2583 973 2657 sed
997 2591 1174 2677 veritate,
1207 2587 1339 2660 nonin

277 2687 450 2782 imagine,
474 2683 721 2775 sed-corpore.
781 2680 844 2755 Est
866 2685 959 2757 enim
974 2687 1184 2776 plerumque
1200 2688 1337 2759 exulta·
1359 2694 1367 2703 “

276 2787 348 2878 tio,
376 2803 453 2875 que
466 2781 637 2856 demutari
656 2779 746 2854 solet
760 2784 819 2853 vel
835 2778 927 2865 casu,
953 2786 1014 2856 vel
1032 2781 1249 2869 infirmitate,
1274 2784 1347 2859 vel·

275 2897 461 2977 tenpore:
498 2896 535 2953 at
556 2884 745 2961 veruhaec
766 2880 964 2955 sanatorum
985 2886 1160 2957 exultatio
1187 2883 1258 2978 est,
1295 2896 1340 2957 ut
1411 2896 1414 2909 '

276 2983 503 3059 exultatione
530 2979 781 3054 consummatae
803 2981 839 3054 in
859 2980 893 3053 se
912 2984 1144 3057 exultationis
1162 2988 1340 3061 exultent.

377 3103 434 3174 27.
462 3077 572 3153 Causa
599 3097 716 3153 autem
746 3082 979 3153 exultationis
1011 3080 1226 3157 ostenditur:
1270 3078 1370 3157 liic·

331 3183 436 3253 ducam
452 3204 550 3252 come
571 3184 693 3253 Dauid.
758 3177 884 3253 Cornu
902 3182 1003 3276 regni
1022 3182 1154 3279 infigne
1174 3182 1243 3257 est:
1272 3200 1338 3274 per

270 3202 350 3357 ssc
368 3283 462 3357 enim
478 3294 699 3377 unguentum
715 3282 849 3374 regium
861 3283 1059 3375 regnaturis
1070 3282 1337 3357 infundebatur.

258 3385 346 3457 ,Illic
360 3400 441 3455 cum
460 3380 611 3469 dicitur,
637 3379 777 3469 requies
795 3375 1032 3474 significatur,
1059 3381 1104 3454 de
1124 3403 1191 3475 qua
1208 3381 1340 3455 ditium
1372 3370 1378 3395 “

277 3478 348 3556 est:
376 3482 450 3551 Hac
465 3485 585 3576 requies
602 3504 668 3549 mea
685 3483 721 3547 in
735 3481 866 3560 seculum
876 3480 981 3565 secuti.
1032 3480 1071 3555 in
1083 3483 1149 3556 hac
1165 3481 1272 3576 igitur
1285 3499 1340 3552 re·

278 3576 363 3669 quie
374 3596 490 3653 cornu
507 3578 641 3660 David,
666 3574 780 3667 idest,
805 3596 952 3672 regnum
969 3578 1077 3671 illius,
1106 3581 1151 3654 de
1168 3600 1242 3671 quo
1254 3597 1340 3671 pro·

274 3676 589 3773 phetaturDavid‚
618 3676 719 3751 Deus
734 3678 923 3773 producit:
948 3700 1023 3753 non
1035 3681 1121 3753 iilud
1133 3680 1340 3767 humanum,

274 3796 348 3853 nec
365 3777 620 3868 corruptibile,
652 3797 721 3851 nec
737 3777 933 3859 caducum,
959 3777 1016 3851 sed
1038 3780 1147 3871 illud,
1174 3777 1272 3868 quod
1290 3775 1340 3851 se·

275 3876 434 3949 cundum
453 3878 611 3964 requiem
630 3876 700 3957 Dei
717 3877 753 3949 iu
769 3872 925 3959 sepulum
943 3874 1050 3951 seculi
1071 3877 1133 3953 est.
1184 3874 1233 3949 Et
1251 3898 1341 3969 quo·

274 3996 353 4051 rum
371 3976 440 4046 erit
461 3994 607 4065 regnum
623 3974 823 4049 coelorum?
850 3974 994 4067 Nempe
1010 3977 1053 4049 de
1071 3976 1346 4069 quibusdiitum·

269 4074 345 4153 siit
371 4072 470 4147 Beati
491 4094 665 4168 pauperes
686 4074 828 4172 spiritu,
856 4077 1025 4168 quoniam
1044 4076 1201 4173 ipsorum
1224 4075 1362 4151 estre.

287 4236 289 4243 ,
326 4176 365 4253 S.
382 4177 512 4250 Hilarii
526 4166 615 4270 Tem·
632 4176 695 4250 111.
941 4172 962 4253 1
1189 4194 1311 4301 gurm
1434 4300 1437 4305 Ι
