3317 4900
389 475 677 556 Tnncrarus
702 495 751 552 rat
777 471 921 549 CXIX.
947 471 1184 556 Psntmum.
1280 497 1328 573 ¹5

257 641 320 721 tici
337 661 549 736 queramus,
560 659 749 738 ·perquos
762 636 954 711 ascendere
972 638 1016 710 ad
1032 638 1127 731 looa,
1154 640 1329 731 quosuot

256 745 493 833 Santtnrnm,
519 741 695 833 possmus.
747 737 892 811 Arduus
909 739 1003 811 enim
1018 757 1132 830 usque
1148 742 1184 811 in
1199 763 1262 835 ea,
1287 743 1325 818 dt

258 837 785 944 angustiitinerisascensusest.
833 838 1326 936 ldeoaitDavidPropheta:

363 945 417 1016 Aa
433 958 483 1029 te,
510 945 664 1030 Domine,
688 965 756 1011 cum
772 940 968 1032 tribularer,
993 941 1151 1035 educavi,
1178 944 1218 1017 σ
1231 966 1327 1013 exau.

258 1044 332 1144 disti
354 1067 412 1118 me.
465 1039 554 1116 Cum
571 1061 652 1116 eum
666 1041 744 1133 quis
758 1041 921 1136 deprecans
929 1041 1134 1138 jussc'csamet
1151 1045 1191 1110 od
1216 1047 1328 1114 Domi·

256 1157 362 1233 eum,
400 1140 519 1214 audiet
547 1142 725 1215 continuo
758 1141 936 1215 dicentem
955 1138 1037 1216 sibi:
1071 1139 1169 1213 Ecce
1195 1139 1326 1232 adsum,

218 1295 220 1340 ς
256 1240 310 1319 Et
325 1246 405 1338 quia
422 1240 539 1334 adest,
565 1243 695 1316 iterum
713 1241 895 1336 rogandus
911 1239 972 1313 est.

218 1357 220 1392 s
363 1345 494 1416 Dmr'ne
517 1343 616 1416 sibero
641 1345 782 1442 animam
803 1365 900 1412 meum
918 1367 939 1412 a
960 1341 1058 1411 dusiis
1071 1341 1211 1436 iniquis,
1246 1339 1327 1417 &a
1410 1391 1416 1408 t

259 1443 372 1540 singna
393 1443 505 1532 achsa.
563 1439 703 1513 Dolosa
725 1454 843 1512 autem
863 1442 981 1536 lingua
1006 1459 1099 1532 opus
1120 1438 1171 1513 est
1193 1439 1327 1537 fallax,

263 1544 360 1637 quod
383 1563 448 1638 per
468 1544 554 1613 vitae
578 1539 785 1638 temporalis
798 1569 800 1574 ·
813 1536 909 1632 spem
929 1539 1075 1613 deducit
1096 1541 1143 1612 in·
1156 1554 1327 1620 mertem.

262 1643 527 1720 Haereticorum
543 1659 688 1732 quoque
699 1636 761 1711 ista
774 1638 958 1712 mendacia
970 1637 1063 1733 sunt,
1089 1641 1193 1714 aliter
1204 1643 1329 1718 omnia

263 1745 405 1820 tradere
423 1742 456 1815 dt
471 1742 624 1827 docere,
650 1759 754 1831 quam
771 1734 901 1828 scripta
919 1737 1008 1813 sun-t.
1065 1737 1124 1812 Ab
1144 1741 1199 1815 his
1220 1743 1330 1839 igitur

263 1843 334 1919 Dei
348 1841 622 1918 misericordiam
642 1853 789 1913 orantes
809 1837 1022 1910 liberamur:
1048 1837 1189 1914 &inter
1198 1851 1329 1918 eorum

263 1944 531 2032 tribulationes,
559 1942 750 2015 clamantes
761 1939 806 2012 ad
820 1938 953 2032 Deum,
980 1937 1220 2015 exaudiemur.
1253 1943 1330 2018 Sub

264 2039 608 2130 hocsubscquiturt·
867 2087 872 2096 -
1155 2071 1158 2076 ·
1270 2091 1274 2096 .
1320 2053 1328 2094 -·

270 2195 273 2206 .
369 2141 460 2235 Quid
480 2140 576 2212 detur
596 2141 675 2230 tibi,
708 2134 748 2215 θ
766 2139 843 2236 quid
857 2153 1038 2234 apponatur
1052 2139 1113 2210 tibi
1125 2139 1171 2210 ud
1187 2141 1332 2236 linguam

266 2237 426 2331 totunm?
450 2239 486 2313 id
504 2236 568 2329 est,
596 2237 679 2331 quid
693 2240 758 2311 tibi
773 2238 940 2312 adversita
954 2237 1140 2314 salsitatem
1155 2239 1230 2331 ejus
1244 2262 1332 2336 pro*

266 2343 355 2420 lidii·
368 2333 585 2436 asi'erat'urs¹
601 2335 821 2432 Responsum
843 2337 910 2413 est:
943 2343 1075 2434 Sagitta
1100 2357 1210 2436 potens
1235 2357 1333 2442 acute

266 2451 305 2516 in
321 2441 504 2517 coriambus
517 2439 722 2533 deditionis.
772 2439 942 2535 Sagittam
956 2458 1075 2516 autem
1085 2440 1196 2535 ipsum
1207 2441 1335 2525 Domi&

266 2564 354 2620 num
371 2556 615 2636 nuncupatum
633 2539 748 2613 Esaias
767 2539 945 2632 ostendit,
972 2542 1045 2614 hoc
1058 2542 1172 2616 modo
1188 2544 1334 2619 dicens:

270 2646 381 2735 Posuit
394 2659 496 2715 metat
504 2643 657 2735 fiagittam
671 2638 808 2726 aretiam,
834 2638 874 2716 6
889 2643 1091 2738 suspirarem
1103 2642 1335 2734 sus-absconsis

265 2769 341 2836 me,
374 2742 413 2820 6
428 2749 496 2814 ait:
532 2745 662 2814 Grande
676 2740 789 2836 ribieji
804 2740 878 2827 hoc,
893 2749 1012 2812 'uocari
1026 2762 1202 2841 tepuerunt
1217 2756 1333 2829 mouns}

266 2832 349 2919 Sint
369 2862 459 2939 ergo
472 2838 673 2936 haesagittae
689 2854 881 2937 utrumque
892 2841 928 2912 in
944 2842 1091 2917 modum
1110 2842 1333 2941 exspesiatae,

267 2946 333 3019 vei
350 2944 387 3017 in
403 2962 541 3037 poeoam
552 2942 771 3033 iniquorum,
799 2941 859 3012 vel
874 2942 910 3014 in
926 2937 1124 3018 sandiorum
1135 2958 1335 3039 corporum

268 3056 460 3139 peccatum
483 3044 733 3115 vulnerantes:
769 3039 884 3133 sitque
906 3044 966 3115 vel
990 3042 1187 3118 devastaris·
1198 3046 1335 3139 carbo,

272 3144 335 3217 uei
347 3162 523 3319 gorgonis,
548 3155 677 3241 purgat
691 3155 811 3216 autem
827 3141 871 3214 ad
884 3140 1077 3236 persedtam
1089 3144 1337 3240 innocentiam

272 3258 346 3317 con
373 3258 505 3317 tentes.
1252 3252 1257 3261 '
1322 3274 1328 3279 ·

376 3346 449 3417 Heu
473 3367 538 3429 me,
564 3342 643 3437 quod
661 3326 816 3411 incrinus
830 3364 915 3411 meus
927 3341 1127 3436 prolongatus
1144 3345 1193 3437 esi.
1253 3338 1340 3415 Post

275 3444 370 3519 cuim
393 3442 533 3540 sagittas
551 3440 718 3520 Domini,
754 3437 788 3510 u
808 3442 890 3512 illos
907 3440 1083 3515 carbones
1100 3432 1339 3517 desolatorios

274 3545 374 3619 beati
384 3544 475 3615 illius
492 3542 590 3639 regni
608 3539 757 3636 gloriam
774 3538 957 3616 desiderat.
1008 3541 1142 3636 Neque
1154 3542 1268 3616 susum
1280 3541 1341 3615 da·

274 3642 426 3732 fiderat,
450 3639 509 3715 sed
529 3663 655 3717 omnes
673 3658 790 3719 motas
807 3640 885 3713 odit
904 3638 1079 3716 dicendo:

384 3745 458 3812 Heu
479 3734 545 3814 me!
566 3744 647 3841 quod
661 3742 813 3811 incolatus
829 3766 914 3810 meus
924 3744 1125 3837 prolongatus
1146 3740 1196 3837 ess.
1248 3737 1342 3815 Tale

278 3842 355 3917 hoc
375 3840 503 3914 ditium
523 3840 595 3936 est,
628 3855 671 3912 ut
687 3858 767 3914 cum
787 3837 1045 3939 inEvangelio
1066 3842 1237 3936 petimus:
1275 3834 1340 3929 At,-

278 3945 396 4013 vtm'at
417 3965 542 4034 regnum
568 3959 676 4026 tuum,
691 3943 767 4029 'fior
788 3943 941 4011 voluntas
956 3960 1025 4015 tua.
1049 4018 1054 4031 Ι
1084 3942 1125 4012 ln
1146 3941 1218 4013 hoc
1233 3942 1342 4036 igitur

279 4059 441 4136 corpore
458 4040 593 4137 positus
613 4039 804 4132 Prophetae
822 4037 985 4135 spiritus,
1010 4040 1157 4114 nimium
1177 4038 1239 4114 sibi
1258 4052 1344 4130 pro·

278 4138 393 4220 lixum
409 4142 609 4219 incolatum
627 4142 785 4235 queritur
800 4141 882 4237 hic,
907 4138 1074 4218 festinam
1089 4136 1355 4238 peregrinatis

1203 4255 1328 4316 iffi}-
1371 4284 1393 4340 4
