3317 4900
1167 323 1179 378 ,ι

404 443 692 526 Tenemus
717 460 767 530 nr
791 439 910 528 CXX.
934 439 1174 522 Prasmon.
1280 469 1328 548 ²9

257 617 406 714 lymnm,
432 610 517 705 quir
536 608 665 682 civiter
681 601 734 681 est
749 606 845 702 regis
859 604 997 704 magnit
1012 606 1325 698 nonutiqueerm

258 711 477 816 lignilitans,
505 706 786 802 quaeprophetrs
801 703 1143 799 occiditdlspidnt,¹
1163 703 1325 806 sedeam,

260 818 364 910 cujus
379 815 507 888 beatus
523 807 651 882 Paulus
669 807 720 879 itr
732 806 914 881 meminit:
938 805 1022 880 Vos
1044 802 1124 880 estis
1143 805 1327 884 ciuessau·

260 917 427 1006 diorum,
459 905 696 986 &domestici
713 905 806 986 Dei,
838 901 1108 1002 superedificati
1122 903 1227 999 super
1246 907 1329 984 fun·
1361 947 1364 953 ·

262 1019 470 1091 dementum
483 1005 746 1101 Apostolorum
761 1006 795 1078 dt
810 1005 1089 1100 prophetarum:
1116 1011 1329 1099 cumquelo·

262 1118 381 1214 gerit,
408 1131 470 1204 es,
495 1127 681 1202 quaenunc
696 1103 790 1199 sunt,
816 1118 981 1199 exparte
998 1103 1083 1197 elie,
1108 1126 1251 1197 nosque
1262 1129 1328 1202 per

261 1214 446 1309 speculum
474 1210 641 1298 interim,
674 1205 762 1282 &in
779 1207 966 1302 enigmate
981 1206 1129 1294 vidore3
1162 1207 1326 1301 perfeeto

263 1330 385 1389 autem
404 1312 591 1401 veniente,
617 1306 746 1398 &que
762 1326 860 1379 nunc
877 1325 947 1399 pro
966 1319 1069 1398 parte
1088 1303 1170 1400 lint,
1196 1307 1328 1384 destru-

264 1414 374 1500 ¹endu,
413 1407 448 1483 da
467 1407 561 1481 facie
580 1406 624 1479 ad
643 1403 792 1499 faciem,
825 1419 1003 1498 tamquam
1024 1409 1208 1500 corporali
1226 1407 1328 1506 visu,
1347 1435 1352 1454 ¹

263 1535 330 1605 ea,
357 1530 435 1604 quae
454 1509 562 1582 nobis
580 1525 678 1579 nunc
695 1502 775 1579 sunt
789 1505 976 1579 invisibilia
995 1510 1329 1605 contemplaturos,

262 1615 326 1687 ubi
338 1632 415 1686 non
431 1606 623 1705 egritudo,
652 1623 728 1679 non
744 1623 856 1695 mors,
882 1624 958 1679 non
973 1605 1144 1697 mestitia,
1171 1626 1331 1684 nonter-

263 1734 328 1788 ror
342 1711 394 1787 sit.
453 1707 542 1782 Haec
559 1727 639 1779 cum
657 1704 735 1797 quis
752 1705 960 1777 annuntiata
980 1705 1023 1780 sb
1040 1704 1210 1802 Angelis,
1229 1729 1330 1802 prta·

263 1812 420 1889 formata
438 1808 476 1881 in
486 1807 585 1902 lege,
612 1804 777 1900 exposite
792 1825 812 1876 a
827 1804 1030 1908 prophetis,
1056 1827 1076 1878 a
1091 1805 1255 1883 Domino
1268 1831 1330 1883 ex·

265 1911 394 2005 emplis
414 1907 675 2001 repraesentata,
702 1904 894 2001 praedicata
908 1904 953 1976 eb
970 1901 1170 1999 Apostolis‚
1194 1909 1331 2001 ipfisrbl

264 2013 345 2088 hec
366 2008 489 2082 eadem
512 2002 700 2099 perfidem
722 2003 895 2100 pollibilia
913 2005 1154 2098 cognoverit,
1190 2009 1332 2104 procla·

264 2112 358 2188 anari
383 2103 523 2182 necesse
549 2103 600 2178 est
623 2105 789 2202 exemplo
809 2103 1020 2199 Prophetes
1045 2105 1193 2178 Larum
1201 2110 1274 2197 sarra
1292 2116 1331 2183 in

266 2213 344 2300 hir,
369 2231 438 2308 qua
451 2203 539 2278 astla
548 2204 631 2295 fient
647 2205 739 2281 milri.

370 2331 404 2383 a.
430 2305 500 2381 Sed
522 2302 695 2401 quaesunt
712 2303 796 2396 illa,
821 2299 1005 2395 quodidie
1023 2298 1119 2399 sunt,
1143 2306 1331 2397 exquibus

266 2409 391 2485 laetitia
413 2405 572 2502 suscepta
589 2401 668 2479 esti
706 2401 850 2498 Nempe
866 2402 925 2499 id,
958 2406 1057 2498 quod
1076 2401 1257 2501 sequitur:
1291 2408 1333 2479 ln

268 2515 392 2584 mmm
409 2512 546 2581 marni
560 2507 686 2581 ibimus.
737 2503 835 2579 Hinc
854 2503 1049 2603 gaudetur,
1080 2507 1166 2581 hinc
1184 2505 1334 2583 exsulta·

267 2625 351 2702 tur,
387 2608 469 2700 quia
483 2608 562 2681 hee
581 2602 674 2679 diu·
697 2601 801 2699 sunt,
835 2605 934 2695 quod
953 2606 1110 2681 eundum
1129 2608 1166 2683 in
1184 2607 1333 2685 domum

270 2707 422 2784 Domini
438 2707 491 2783 lit.
542 2704 684 2779 Domus
710 2703 863 2781 Domini
879 2724 956 2796 que
970 2705 1034 2797 stt,
1066 2700 1201 2802 psalmo
1215 2709 1333 2783 altero

270 2806 401 2883 docuit
420 2806 561 2879 dicens:
588 2804 770 2921 Quoniam
793 2803 903 2899 elegit
923 2803 1104 2881 Dominus
1119 2806 1221 2896 Sion,
1239 2827 1335 2902 -pro-

270 2909 380 3003 elegit
394 2927 470 2981 eam
488 2906 523 2980 in
539 2905 798 2981 habitationem
812 2902 887 2979 fibi.
938 2903 1026 2979 Haec
1040 2908 1182 2999 requies
1195 2930 1275 2987 mea
1295 2909 1335 2982 in

271 3006 426 3083 seculum
440 3005 562 3087 seculi,
587 3006 646 3079 hic
663 3004 851 3097 habitabo,
878 3003 1046 3095 quoniam
1064 3008 1334 3103 preelegieam:

271 3126 348 3181 non
364 3108 509 3198 utique,
533 3120 576 3177 ut
597 3104 764 3198 diximus,
792 3104 885 3178 hane
901 3102 1130 3180 terrenam&
1150 3109 1333 3201 caducam,

273 3204 308 3279 dt
329 3227 451 3300 poenas
473 3204 665 3297 impietatis
684 3201 751 3277 sum
770 3204 952 3295 luentem,
986 3200 1045 3278 sed
1059 3208 1153 3281 illam
1167 3210 1334 3299 liberam,

273 3304 309 3379 dr
330 3303 506 3379 coelestem
518 3304 730 3398 Jerusalem,
764 3304 845 3393 quia
864 3302 989 3377 eadem
1007 3302 1043 3377 u
1060 3305 1148 3382 Sion
1164 3308 1236 3397 ests
1269 3326 1336 3400 per

272 3407 374 3498 cujtu
394 3406 616 3497 incolatum,
650 3405 731 3495 quia
751 3401 893 3477 Domus
909 3402 980 3477 Dei
1001 3401 1074 3501 est,
1098 3424 1168 3481 nos
1189 3428 1338 3499 quoque

271 3509 375 3577 cives
391 3504 604 3596 feodorum,
631 3501 865 3577 &domestici
878 3501 1089 3584 Deisumus.
1137 3503 1336 3604 Hiocergo

270 3604 396 3679 laetitia
420 3604 492 3699 est,
531 3603 630 3697 quod
651 3600 782 3677 diuum
803 3603 847 3679 lit
869 3604 907 3678 in
931 3602 1079 3683 domum
1095 3603 1245 3680 Domini
1266 3628 1337 3683 nos

269 3706 404 3779 ituros.
961 3704 964 3709 ’

378 3824 411 3897 3.
437 3800 506 3877 Sed
534 3805 594 3897 qui
618 3802 682 3877 isto
710 3800 903 3897 dixerunt,
939 3804 1115 3881 neforto
1145 3804 1336 3908 ignorent,
1383 3800 1386 3806 ⁴

270 3924 372 3981 neve
397 3902 545 3978 adorno
560 3903 710 3997 eadem,
752 3903 788 3977 in
806 3922 994 3998 quamnos
1015 3906 1134 3977 ituros
1147 3910 1336 4006 nuntiant,

271 4004 571 4101 peregrinentur3
604 4002 664 4079 sed
687 4005 834 4079 dicunt:
869 4010 1006 4079 Staures
1026 4022 1123 4077 erant
1134 4011 1222 4104 pedes
1238 4009 1339 4103 nostri

273 4110 312 4179 in
325 4108 427 4183 arrio
448 4103 642 4209 Jerusdn.
704 4100 796 4187 Non
811 4107 952 4187 interl!
967 4102 1153 4202 nuotlmt,
1183 4128 1260 4183 non
1283 4109 1338 4189 in·

1153 4208 1317 4311 eosdm,
1352 4283 1389 4356 Ι
