3317 4900
299 441 609 536 'incursis
634 477 683 532 in
707 451 960 536 CXXXVII.
984 453 1219 541 Psffunuum
1272 479 1344 564 ¹7⁹

273 621 428 696 nisibim
440 640 499 717 pro
512 643 571 708 me,
599 621 749 706 Domine,
773 619 981 709 misericordia
992 637 1050 692 tua
1062 645 1101 692 m
1104 625 1227 714 suain
1249 647 1341 746 opera

271 745 425 796 murm
445 736 576 793 tuarum
593 742 659 790 non
675 725 839 792 omittas.

497 871 856 956 TRACTATUS
888 877 1121 957 PSALMI.

272 1044 306 1102 1.
326 1021 554 1200 Duplicern
572 1021 608 1093 in
624 1017 846 1094 confeffione
858 1017 1154 1116 fignificationem
1173 1009 1267 1117 este,
1299 1025 1339 1101 in

302 1147 304 1152 ·
355 1203 357 1208 ,
424 1121 583 1216 plurimis
606 1121 697 1193 locis
723 1119 1066 1210 demonstravimus3
1104 1138 1167 1196 aut
1194 1125 1338 1214 peccati

271 1222 397 1304 nostri,
423 1235 484 1293 aut
496 1221 711 1294 laudationis
722 1220 802 1295 Dei.
855 1218 988 1295 Ethoc
998 1224 1047 1293 ita
1059 1219 1142 1314 esse,
1170 1243 1338 1298 exevan·

270 1323 392 1419 gelicis
408 1319 509 1394 dietis
520 1336 701 1411 promtum
713 1319 763 1392 est
777 1317 939 1397 noscere.
991 1320 1338 1396 NameumaitDo·

267 1425 402 1497 minus:
435 1417 655 1495 confitebor
670 1420 756 1510 tibi,
782 1419 965 1511 Domine,
990 1435 1093 1516 pater
1109 1423 1189 1496 coeli
1211 1422 1245 1495 dt
1264 1439 1336 1496 ter·

267 1543 328 1615 rae,
355 1520 436 1614 quin
454 1518 667 1594 abscondisti
684 1519 761 1590 haec
782 1540 802 1589 a
818 1518 1032 1610 sapientibus
1048 1522 1081 1593 u
1097 1523 1335 1614 prudentibus

269 1620 397 1714 seculi,
431 1617 647 1693 &revelasti
667 1639 708 1689 ea
728 1618 910 1713 parvulis3
944 1621 1084 1693 laudern
1105 1621 1174 1695 Dei
1196 1623 1333 1716 patris,

269 1724 318 1795 ob
338 1722 500 1794 revelata
524 1719 705 1813 parvulis,
745 1738 823 1807 quae
846 1718 1009 1812 ignorata
1024 1718 1135 1793 essent
1150 1719 1335 1813 prudenti·

267 1823 348 1913 bus,
374 1818 591 1893 confitetur:
617 1818 754 1890 docens
768 1816 853 1889 ideo
868 1815 1034 1889 absconsa
1046 1841 1085 1891 ea
1100 1819 1245 1904 effehis,
1272 1821 1335 1912 qui

266 1921 462 2015 prudentes
483 1919 713 2009 viderentur,
747 1916 829 2012 quia
854 1936 931 1988 non
948 1913 1141 1989 secundum
1159 1922 1335 1994 innocen·

268 2024 354 2093 tirrn
378 2021 612 2109 parvulorum
638 2018 825 2109 preceptis
852 2017 1069 2112 evangeiicis
1094 2019 1331 2098 credidiffent.

268 2119 323 2190 At
340 2138 433 2189 vero
453 2117 515 2188 ubi
536 2118 573 2187 in
593 2116 726 2188 eisdem
749 2115 956 2212 Evangeliis
972 2116 1119 2188 dicitur:
1153 2114 1201 2188 Et
1218 2121 1334 2209 bapti·

266 2219 441 2290 zabantur
456 2236 583 2288 omnes
599 2217 635 2286 in
651 2215 822 2310 Jordane,
849 2213 1068 2288 confitentes
1091 2232 1240 2308 peccata
1253 2215 1332 2306 sum

247 2318 340 2414 ,illic
364 2314 536 2390 c'onfeffio
559 2330 791 2408 peccatorum
816 2314 889 2388 line
907 2318 1140 2411 ambiguitate
1163 2314 1335 2413 significa·

268 2417 380 2491 tionis
398 2417 542 2489 alterius
558 2414 779 2488 continetur.

367 2513 1332 2594 a.Maximuautem&utiliffimaestletaliumvitiorum

266 2614 404 2688 morbis
419 2617 454 2687 in
467 2636 592 2688 ennon
603 2614 823 2688 confeffione
835 2616 1022 2690 medicina.
1075 2614 1143 2687 Sed
1158 2614 1332 2689 confeffio

266 2715 409 2806 peccati
423 2714 562 2787 nonest
578 2728 755 2806 tamquam
771 2734 889 2787 rerum
904 2716 978 2787 aliis
990 2716 1234 2809 ignoratarum
1248 2734 1333 2807 pro·

264 2813 387 2905 festio,
421 2827 463 2886 ut
490 2812 590 2887 sifur
606 2814 650 2886 de
674 2813 796 2907 furto,
832 2830 894 2886 aut
914 2815 1092 2887 homicida
1111 2816 1155 2885 de
1171 2813 1267 2887 caede
1280 2817 1334 2887 in·

265 2925 471 3009 terrogatus
488 2911 705 2987 confitetur:
729 2934 847 3003 neque
865 2927 1043 3005 tamquam
1061 2916 1244 3009 ignorans,
1270 2913 1333 3003 qui

266 3009 425 3085 scrutans
444 3012 823 3087 corda&renesDeus
842 3011 905 3106 est,
932 3014 975 3085 ad
992 3010 1170 3086 scientiam
1181 3011 1230 3085 sui
1245 3033 1334 3084 con·

265 3112 413 3186 feffione
429 3126 491 3186 tua
510 3114 667 3207 indiget,
702 3114 759 3185 cui
777 3127 960 3206 promtum
981 3112 1122 3186 estnon
1142 3111 1254 3185 solum
1270 3131 1334 3183 co·

266 3214 398 3307 ginta,
433 3210 492 3286 sed
517 3213 708 3307 cogitanda
727 3210 939 3305 perspicere.
1007 3209 1189 3286 Confessio
1211 3224 1334 3285 autern

264 3312 405 3404 peccati
422 3329 465 3385 ea
485 3311 554 3390 est,
579 3325 621 3383 ut
640 3313 700 3392 id,
726 3313 824 3401 quod
844 3334 863 3382 a
882 3328 921 3383 te
938 3309 1070 3407 gestum
1086 3311 1159 3402 est,
1184 3329 1249 3405 per
1270 3328 1335 3379 co·

266 3410 464 3506 gnitionem
486 3412 628 3504 peccati
646 3408 853 3484 confitearis
870 3408 939 3482 effe
957 3425 1157 3505 peccatum.
1209 3406 1333 3481 Nemo

264 3509 374 3600 enim,
399 3511 496 3600 quod
516 3512 601 3606 egit,
628 3511 725 3583 idad
745 3512 918 3606 agendum
934 3531 1011 3584 non
1027 3523 1087 3608 aut
1103 3506 1221 3581 fructu
1232 3507 1334 3581 oble

267 3606 433 3683 diationis
452 3612 621 3704 alicujus,
657 3628 718 3682 aut
737 3609 875 3699 jndicio
901 3611 1039 3684 bonae
1028 3605 1065 3682 in
1084 3630 1131 3681 eo
1148 3608 1332 3702 opinionis

264 3706 486 3803 aggreditur.
524 3711 606 3783 dum
637 3725 698 3783 aut
725 3708 860 3784 retium
886 3725 1008 3805 putat,
1044 3722 1105 3780 aut
1124 3726 1171 3778 eo
1189 3706 1332 3801 gaudet.

263 3808 336 3881 Sed
363 3827 445 3881 cum
466 3829 530 3899 per
550 3808 745 3883 doetrinam
767 3809 859 3903 Dei,
899 3811 1050 3900 verique
1070 3808 1248 3879 rationem
1268 3826 1332 3898 ee,

266 3927 346 4000 quae
365 3905 428 3979 sub
446 3904 562 3998 specie
583 3924 644 3982 aut
665 3908 853 4001 utilitatis,
892 3924 953 3981 aut
978 3906 1179 3997 voluptatis
1201 3907 1333 4000 elegit,

264 4006 435 4102 intelligit
460 4004 531 4081 eise
563 4026 772 4097 peccatum3
809 4028 873 4100 per
900 4010 1040 4100 peccati
1064 4005 1333 4099 intelligentiam

266 4120 459 4201 peecatum
474 4107 512 4182 id
527 4104 618 4203 effe,
651 4108 751 4204 quod
773 4106 845 4181 ase
861 4107 997 4205 gestum
1011 4104 1085 4203 est,
1122 4100 1335 4177 confitetur.

758 4200 854 4291 Mo
1139 4224 1183 4305 p
1197 4200 1307 4277 Me
