3317 4900
329 489 353 544 n
486 531 490 538 .
657 462 1056 546 &eHrnunrr

334 631 420 725 quin
441 619 571 723 po'tius
586 639 739 721 oportet
753 623 1032 721 nosspiritalem
1048 621 1318 728 intelligentiam
1332 625 1399 711 sirii

331 733 400 808 hac
417 729 565 822 quadam
578 726 750 826 gestarum
763 748 881 802 rerum
897 734 1246 809 commemoratione
1257 731 1399 812 sestari:

333 833 380 905 de
395 850 468 922 quo
485 847 561 902 non
578 826 628 904 est
644 848 740 901 nunc
755 830 927 921 temporis
944 829 1085 921 dicere,
1113 831 1169 904 sed
1185 835 1400 926 simplicitati

331 931 529 1028 legentium
544 924 792 1021 consu-lentes,
819 930 999 1023 legentem
1015 930 1083 1001 fuit
1093 953 1291 1029 congruum
1303 956 1400 1009 com·

245 1073 250 1083 =
333 1050 494 1108 monere.
544 1025 642 1124 Ergo
657 1050 703 1101 ne
714 1024 906 1101 secundum
923 1029 1108 1119 praedictos
1124 1056 1168 1104 ex
1184 1035 1345 1124 pluribus
1356 1037 1398 1108 ti·

288 1201 297 1223 ,
333 1133 454 1221 tulos,
489 1129 525 1201 hi
548 1148 693 1220 quoque
710 1129 885 1222 graduum
900 1126 1020 1222 psalmi
1039 1125 1170 1223 aliquid
1192 1134 1236 1206 de
1254 1132 1400 1209 historio

335 1231 566 1328 contineant,
586 1229 786 1324 ¹videndum
805 1226 868 1320 est.
943 1305 947 1312 ,
1205 1307 1208 1312 ,
1362 1253 1365 1260 ·

440 1345 473 1422 3¹.
498 1327 539 1401 In
557 1321 665 1400 Esaiae
682 1327 776 1401 enim
790 1327 885 1399 libro
903 1342 1032 1400 orante
1050 1327 1206 1405 Ezechias
1223 1323 1355 1429 signum
1367 1332 1401 1407 ei

334 1430 489 1528 polutum
505 1441 711 1523 prorogate
727 1424 845 1498 salutis
865 1429 903 1500 in
920 1427 1085 1523 gradibus
1103 1431 1163 1506 est.
1215 1430 1330 1505 Erant
1341 1453 1401 1506 au·

288 1575 292 1592 ·
335 1549 410 1640 tem
430 1531 467 1602 io
486 1528 597 1602 domo
613 1530 688 1621 ejus
707 1526 835 1622 grados
854 1527 998 1619 decem,
1026 1550 1117 1620 quos
1134 1530 1185 1605 sol
1200 1535 1292 1605 oltra
1312 1550 1401 1607 tem·

334 1631 435 1728 poris
464 1627 514 1700 sui
541 1626 679 1702 cursum
708 1627 843 1701 lumine
862 1626 934 1702 'suo
954 1631 1149 1703 accedente
1172 1630 1400 1727 conscendit,

334 1729 574 1828 rursumque,¹
588 1785 591 1790 .
603 1728 670 1828 dio
686 1728 814 1800 mortis
837 1727 935 1823 ejus,
973 1728 1017 1802 de
1033 1733 1207 1824 temporis
1223 1732 1272 1804 sui
1289 1733 1402 1806 limite

335 1826 1401 1926 mmmfflmmmfflfflfflfflm

334 1925 613 2021 hujus'hilloriae
628 1926 820 2000 similitudo
839 1925 909 2019 est,
936 1949 957 1999 c
1033 1929 1403 2028 graduumnonu'mer
1433 1927 1436 1932 ’

336 2047 398 2104 rus
416 2027 560 2121 quidem·
572 2023 646 2120 ipse
665 2027 874 2102 conveniat.
924 1947 1017 2100 Hffl
1030 2041 1170 2122 tumeo,
1198 2032 1296 2122 quod
1310 2028 1404 2107 uze-

332 2121 426 2203 'chiae
444 2128 565 2200 datum
579 2129 712 2224 lignum
730 2123 801 2218 est,
827 2125 1010 2201 manifeste
1025 2129 1180 2204 ostendit
1195 2130 1266 2204 Dei
1280 2134 1403 2206 lumen

335 2231 415 2321 luis,
450 2227 578 2320 quibus
591 2229 640 2298 ob
658 2227 889 2320 negotiorum
907 2222 1112 2304 secularium
1130 2232 1256 2304 merita
1273 2230 1404 2304 suturae

240 2383 243 2392 .
336 2325 869 2424 vitaebeatitudoimpertietur,
894 2329 1090 2419 accedere3
1116 2331 1184 2403 illis
1193 2349 1301 2422 vero,
1327 2332 1402 2425 qui·¹

336 2431 406 2505 bus
423 2430 631 2525 srtoegata,
653 2425 840 2501 decedere.
1013 2482 1016 2487 .
1281 2462 1285 2467 ·
1312 2458 1364 2489 2--

438 2554 474 2620 4.
501 2526 582 2604 Esse
601 2539 719 2599 autem
739 2527 777 2598 in
794 2528 931 2625 templo
946 2526 1313 2622 gradus-quindecim,
1350 2529 1405 2604 hi·

337 2630 448 2706 storia
463 2628 571 2702 nobis
596 2629 721 2698 locuta
741 2624 813 2719 est,
849 2624 1110 2725 dispositosque
1126 2631 1270 2702 ordines
1289 2631 1405 2704 consr-

338 2731 520 2818 stentium,
547 2727 673 2819 quibos
691 2726 847 2815 quaedam
867 2727 959 2816 quasr
973 2728 1122 2823 dignitas
1138 2729 1174 2802 in
1190 2731 1405 2805 anteceden-

236 2886 238 2905 .
339 2834 447 2903 tibus·
462 2829 707 2901 obtineretur:
744 2839 786 2899 ut
809 2826 950 2899 Levitae
974 2831 1124 2920 primum
1148 2829 1404 2912 consisterent,

339 2928 422 3025 post
438 2926 621 3016 israelite,
654 2939 729 2996 tum
747 2922 939 3020 proselyti,
975 2927 1008 2998 u
1031 2927 1199 3020 deinceps
1215 2932 1283 3003 alii.
1334 2931 1405 3005 Sed

341 3028 425 3121 quid
450 3027 494 3098 de
510 3025 656 3116 ¹psalmis
686 3040 791 3096 antea
810 3025 949 3117 scriptis
973 3046 1018 3098 ex
1036 3027 1180 3098 historia
1204 3028 1405 3121 posteriore

339 3125 598 3223 presumimus:
623 3145 717 3215 cum,
744 3125 767 3197 sr
787 3125 871 3214 quid
889 3144 934 3196 ex
944 3146 985 3195 ea
1001 3123 1256 3217 suscipiendum
1270 3128 1323 3220 stt,
1352 3129 1405 3202 su·

341 3227 427 3323 scipi
444 3228 503 3323 ¹ita
525 3226 673 3312 debeat,
711 3238 752 3296 ut
775 3223 893 3317 psalmi
917 3224 1097 3297 historiam
1122 3224 1405 3318 subsequantur?

341 3327 405 3402 nisr
429 3338 549 3399 tamen
572 3322 702 3415 aliquid
724 3324 765 3398 srt
784 3326 826 3395 ad
847 3322 1000 3398 suturam
1016 3325 1194 3399 historiam
1211 3327 1407 3421 propheta·

287 3466 293 3487 r
341 3443 431 3502 turn.
492 3424 562 3496 Sed
583 3439 799 3496 contuentes
813 3422 919 3515 ipsam
934 3425 1028 3498 illam
1051 3428 1172 3521 templi
1193 3441 1298 3517 atque
1319 3421 1405 3501 alta·

341 3530 391 3601 ris
407 3520 694 3614 edificationem,
721 3526 881 3599 umbram
900 3518 971 3608 else'
987 3527 1189 3618 incorrupti
1209 3527 1343 3622 templi,
1371 3530 1406 3601 dt

293 3644 295 3649 ’
341 3620 544 3700 sandlificnti
562 3620 713 3715 speciem
734 3624 871 3694 altaris:
904 3623 984 3713 his,
1011 3647 1087 3715 qum
1107 3627 1142 3697 in
1165 3628 1293 3700 eodem
1323 3648 1404 3699 cor·

342 3728 517 3819 poraliter
534 3718 756 3817 prefigurata
769 3723 861 3810 sunt,
888 3723 1180 3816 intelligeremus,
1207 3727 1267 3799 nist
1283 3725 1402 3799 muo-

341 3827 428 3896 ritas
445 3821 712 3916 praesumeretur
730 3842 775 3892 ex
793 3820 942 3912 psalmis.
991 3820 1112 3896 Psalmi
1130 3840 1246 3898 autem
1264 3846 1337 3900 non
1351 3822 1402 3896 sul

341 3936 482 4007 tantum
504 3922 678 4015 temporis
701 3939 758 3993 res
785 3922 992 4012 enuntiant,
1026 3945 1144 4014 neque
1161 3927 1197 3998 in
1216 3947 1273 3997 eas
1289 3923 1403 3998 solum

341 4036 465 4096 etates
484 4021 731 4112 conveniunt,
766 4021 892 4112 quibus
911 4021 1029 4113 scripti
1052 4025 1152 4112 sunt3
1185 4024 1242 4097 sed
1260 4026 1405 4098 univer·

336 4122 397 4212 lis,
426 4122 485 4214 qui
501 4124 538 4193 in
553 4122 665 4197 vitam
682 4122 865 4213 venirent,
892 4118 962 4193 Dei
980 4121 1094 4195 sermo
1109 4123 1301 4212 consuluit,
1329 4122 1408 4199 uni·

324 4217 552 4332 verseaetati
557 4218 635 4316 ipse
648 4216 843 4320 aptissimus
851 4218 1120 4318 adproseslum.
1196 4222 1356 4311 ¹milret
