3317 4900
292 435 402 536 roo¹
619 447 656 530 S.
706 449 1015 526 Hrtunrr

291 621 348 698 nis
365 616 435 693 fuit
450 612 566 691 sermo
582 612 671 706 iste,
703 632 781 686 non
794 614 896 686 voti:
927 611 1026 686 innui
1044 623 1088 684 ut
1102 617 1362 706 peccatoniruo

293 735 414 796 terror
422 719 618 814 ingrueret,
640 714 849 788 inanitatem
859 710 1361 794 frutiuumsuorumarescen·

294 823 384 896 tium
400 817 612 916 cognituris.
1250 859 1255 884 .

400 939 456 1008 14.
482 915 599 989 Porro
614 927 734 988 autern
749 922 927 986 votorum
944 910 1089 987 suornm
1104 911 1261 987 ostendit
1274 913 1365 991 affe·

297 1018 419 1111 Qum,
455 1016 603 1090 dicens:
641 1015 865 1088 Benedirumur
900 1037 957 1082 vos
988 1014 1027 1080 t'm
1059 1020 1189 1085 nomine
1216 1019 1364 1091 Dominis

294 1112 657 1194 Prontabenedrtiio
673 1111 737 1195 est,
762 1111 855 1206 fibi,
882 1113 941 1204 qui
950 1108 1114 1186 serebant
1125 1111 1365 1193 aedificiorum

295 1217 454 1309 ionum,
488 1213 603 1290 serere
618 1215 809 1307 incipiant,
841 1212 940 1305 quod
957 1210 1117 1285 melioris
1131 1228 1299 1305 manum,
1327 1217 1364 1289 δι

296 1311 987 1414 colligentisnranipulossrnumrepieat.
1034 1312 1258 1410 Aridisergo
1272 1337 1363 1408 ope.

295 1419 396 1491 ribus
417 1428 606 1491 emortuos
622 1409 756 1485 frutus
775 1409 1256 1487 suosinfoenoaedificiorun
1273 1416 1366 1488 Pro·

294 1519 406 1614 pheta
424 1512 655 1605 monstravit,
686 1509 959 1583 benedictiones
978 1513 1164 1607 negando:
1189 1532 1282 1587 vota
1301 1537 1366 1590 au·

296 1633 370 1692 tem
397 1612 456 1688 sua
480 1634 562 1710 erga
582 1611 832 1705 poenitentium
856 1609 1001 1683 salutern
1023 1632 1093 1704 pro
1113 1614 1233 1687 reditu
1253 1617 1363 1689 bonae

296 1713 520 1813 operationis
541 1710 711 1803 ostendit,
734 1709 1005 1783 benedictiones
1021 1711 1171 1803 rursurn,
1198 1733 1285 1804 quas
1301 1737 1364 1789 ne·

295 1815 396 1912 gavit
413 1812 589 1907 optando.
640 1810 803 1884 Serarous
813 1829 900 1904 ergo
910 1809 1061 1901 utiliter,
1088 1813 1279 1887 &labores
1294 1836 1363 1888 no·

273 1941 275 1946 ·
294 1915 385 1989 stros
401 1913 439 1986 in
457 1912 636 2008 replendis
652 1911 813 1984 manibus
830 1929 872 1979 ac
889 1907 1020 1981 finibus
1036 1930 1294 2004 praeparemus:
1317 1927 1362 1989 ut

287 2011 583 2087 ¹benedittionum
598 2012 666 2082 Dei
682 2011 872 2101 participes
887 2006 991 2081 finus
1006 2010 1043 2081 in
1055 2010 1217 2086 Domino
1233 2014 1362 2087 nostro

293 2112 375 2210 Jesu
394 2110 559 2206 Christo,
585 2111 646 2203 qui
664 2107 715 2181 est
731 2106 938 2182 benedittus
955 2110 993 2182 in
1013 2108 1130 2184 secula
1143 2110 1359 2190 seculorum.

294 2211 428 2288 Amen.
475 2283 478 2288 .

301 2413 1361 2444 *Q*

516 2547 894 2624 PSALMUS
946 2546 1127 2624 CXXIX.

627 2744 814 2824 Canticum
840 2748 1023 2845 graduum.

294 2904 388 3073 Do
404 2895 574 2992 profundis
592 2897 729 2968 clamavi
749 2901 789 2968 ad
802 2915 856 2980 te,
895 2904 1050 2983 Domine,
1088 2903 1226 2970 Domino
1242 2902 1359 2970 oxonii

398 3022 499 3066 votem
515 3023 622 3067 meam.
678 3000 778 3068 Fiant
793 3023 886 3068 aures
900 3014 963 3067 tua
981 3001 1183 3070 intendentes
1200 3006 1237 3068 in
1252 3025 1358 3070 vorem

294 3104 450 3171 orationis
467 3122 548 3171 mea.
601 3101 638 3167 Si
651 3102 841 3193 iniquitates
857 3097 995 3185 observes
1013 3103 1158 3185 Domine,
1183 3100 1360 3197 quissufli·

294 3200 384 3270 mehir
400 3191 455 3266 te?
486 3199 647 3288 Quoniam
670 3201 752 3291 apud
772 3214 803 3268 rr
814 3204 1004 3295 propitiatio
1016 3200 1078 3292 ‘sta
1112 3200 1153 3276 ὁ]
1167 3215 1295 3294 propter
1310 3202 1359 3270 le·

291 3325 358 3394 gem
370 3315 459 3368 tuom
468 3294 605 3394 sustinui
620 3314 651 3367 rr
671 3303 816 3371 Domine.
867 3301 1274 3394 Suflinuironimamcnr'n
1284 3325 1359 3369 ver·

294 3401 366 3470 bum
388 3416 495 3470 turum:
524 3398 668 3493 speravit
686 3405 796 3468 anima
822 3420 891 3469 meu
916 3406 953 3468 in
978 3405 1126 3474 Domino.
1176 3403 1209 3468 A
1222 3401 1358 3494 custodia

295 3504 461 3570 matutina
483 3522 579 3593 usque
599 3503 636 3565 in
660 3497 780 3569 notium
796 3499 896 3594 [perer
918 3502 1018 3570 Israel
1042 3509 1080 3568 im
1100 3504 1251 3570 Domino:
1277 3509 1359 3597 quin

293 3603 374 3694 opud
395 3602 570 3670 Dominum
584 3598 803 3684 misericornia,
829 3597 868 3672 θ
886 3600 1094 3695 ropiosrrapud
1113 3624 1181 3667 eum
1198 3602 1357 3674 redonrio.

298 3701 345 3769 Et
360 3700 420 3794 ipfi
436 3702 566 3770 redimat
588 3699 686 3769 Israel
703 3722 741 3767 ax
755 3702 900 3768 omnibus
915 3700 1142 3796 iniquitatibus
1159 3725 1275 3774 eornm.

515 3854 873 3931 TRACTATUS
905 3856 1129 3935 PSALMI.

297 4018 326 4073 1.
380 4010 461 4070 nter
489 3999 601 4069 muita
629 3999 827 4090 praeclara,
866 4020 945 4089 qua
971 4001 1015 4072 ad
1043 4001 1228 4075 Romanor
1252 3997 1353 4088 Apo·

401 4096 513 4172 stolus
532 4094 673 4193 scribit,
705 4118 787 4172 curn
807 4098 853 4173 de
868 4097 940 4174 fide
955 4105 1141 4198 gentium,
1175 4093 1353 4272 wigic-
