3317 4900
304 525 329 583 ι
533 486 923 578 summittentem
949 519 1134 598 conatu.

302 665 419 764 prium
447 661 579 752 corpur
604 655 796 752 recipiant:
832 657 867 733 ἀ
891 662 985 735 hanc
1003 661 1214 759 Santtorurn
1235 665 1271 738 in
1289 686 1374 741 cur·

305 805 399 886 pore
417 779 544 855 Christi
562 779 745 872 requiem,
771 779 1066 885 regnum'Christi
1085 786 1319 878 nuncupavit.
1379 818 1394 831 ν

404 896 627 977 interranum
649 897 746 972 hunc
770 894 982 990 confirmat,
1015 904 1112 993 quod
1133 904 1170 975 in
1194 908 1302 977 verba
1317 901 1371 999 Pr,

309 1049 367 1119 14,
384 1028 469 1119 Quia
487 1019 650 1118 requiescet
665 1020 704 1087 a‘n
722 1032 828 1089 monte
838 1018 952 1108 sentin
969 1015 1051 1093 tui?
1074 1021 1121 1094 src
1136 1022 1272 1095 disserit
1286 1028 1320 1116 §.
1333 1043 1370 1114 5.

276 1184 281 1192 =
306 1200 333 1243 „
344 1142 443 1244 Quid
465 1138 642 1214 sublimius
658 1135 828 1212 Christo?
862 1139 996 1230 quidve
1014 1141 1185 1215 excelsius
1203 1140 1287 1213 Deo
1303 1163 1371 1218 nu·

304 1260 408 1341 stro?
432 1259 539 1335 Mors
552 1269 669 1331 autern
687 1258 762 1349 ejus
777 1257 938 1353 estillud,
964 1260 1062 1350 quod
1073 1282 1118 1334 ex
1130 1262 1277 1336 homine
1289 1281 1371 1348 cor,-

304 1386 371 1483 pus
394 1374 569 1467 assumit,
596 1379 632 1449 in
651 1397 724 1469 quu
742 1393 840 1450 nunc
855 1377 1040 1452 habitat&
1059 1378 1231 1467 sublimis,
1257 1382 1371 1456 &ex-

304 1500 417 1580 celsus
437 1496 539 1590 super
570 1516 714 1572 omnem
740 1500 979 1591 principatum
1002 1500 1036 1571 ἃ
1062 1499 1296 1592 potestatem,
1334 1502 1370 1578 it

304 1617 614 1699 omnenomen.“
663 1616 713 1691 Et
728 1617 947 1712 postpauca:
973 1618 1369 1715 „Sjergorequieino-

301 1743 379 1820 strae
390 1737 467 1832 spen
481 1737 598 1810 omnis
609 1735 659 1812 est
671 1739 709 1812 in
723 1736 851 1812 Christi
865 1758 1036 1831 corpore,
1059 1736 1368 1816 &cuminmonte

297 1845 626 1954 fitnuiescendum,
653 1872 816 1935 montem
830 1876 906 1930 non
928 1856 1022 1928 a'liud
1037 1856 1217 1951 poffumus
1235 1860 1367 1933 inteili-

299 2001 405 2082 gere‚
431 1975 535 2070 quant
552 1997 708 2074 corpus,
735 1975 834 2069 quod
850 1974 1004 2071 suscepit
1017 1995 1063 2048 ex
1076 1980 1194 2053 nobis.
1247 1980 1306 2051 Ad
1321 1959 1365 2054 il·

295 2102 365 2177 lud'
375 2099 470 2194 eninr
487 2096 569 2191 post
584 2098 844 2183 habitationem
852 2094 1019 2169 Eccleiiae
1034 2094 1229 2192 {canditum
1251 2102 1287 2172 in
1298 2102 1365 2176 iiio

298 2222 337 2296 in
357 2220 507 2295 Domini
526 2215 1011 2311 sublimitaterequiescitur,
1044 2216 1081 2290 in
1097 2218 1161 2290 illo
1184 2240 1264 2293 cum
1286 2221 1365 2294 An·

296 2341 463 2438 pelorum
479 2323 617 2419 chorin
640 2358 723 2413 eum
739 2338 773 2410 δι
789 2358 859 2411 nos
873 2336 977 2411 snmus
996 2335 1067 2411 Dei
1084 2338 1225 2432 civitas,
1253 2342 1366 2415 socia·

298 2460 464 2535 bimur.“
519 2459 613 2533 Illud
635 2460 783 2552 quippe:
816 2461 889 2552 Quo
901 2457 965 2556 posi
979 2458 1212 2530 habitationem
1228 2463 1365 2559 Ecciqiae

294 2581 480 2672 standum.-
504 2582 591 2655 nihii
601 2578 903 2674 aliudintelligere
913 2576 974 2662 est,
1000 2585 1363 2672 quamquoproxime

295 2701 546 2799 postmortem
564 2703 736 2796 migrant,
764 2698 823 2790 qui
840 2699 878 2771 in
893 2693 1061 2773 Ecclefiae
1076 2698 1149 2773 tinu
1164 2698 1196 2773 ur
1211 2705 1362 2778 caritate

295 2822 466 2896 obierint.
506 2818 610 2894 Hanc
618 2821 765 2915 gratiam
774 2819 1081 2913 uobisprecantur
1091 2817 1268 2913 postrema
1281 2822 1361 2896 haec

295 2928 455 3034 ejusdem
476 2939 646 3012 tratiatus
668 2939 798 3011 verba:
835 2940 1032 3010 Habitanres
1049 2944 1087 3012 in
1109 2940 1257 3037 Ecciefia,
1282 2960 1359 3017 nm.

294 3062 360 3136 dem
377 3060 528 3153 ingloria
540 3064 674 3157 corporis
693 3058 809 3156 Christi
820 3059 1021 3156 quiescamus.

393 3178 611 3255 Hucreferri
621 3176 755 3273 potest,
782 3179 881 3271 quod
893 3200 969 3275 cap.
981 3201 1016 3269 4.
1029 3179 1064 3253 in
1079 3176 1195 3256 Math.
1208 3178 1241 3276 p.
1254 3183 1357 3274 3.ha·

295 3305 377 3379 bet:
403 3299 534 3395 „Beati
550 3299 679 3397 mites,
694 3298 864 3392 quoniam
872 3296 934 3392 ipsi
944 3298 1359 3378 hereditabuntterram.

294 3423 448 3497 Mitibus
475 3431 578 3492 terrae
600 3418 843 3492 haereditatem
866 3418 1081 3511 pollicetur,
1114 3416 1239 3509 idest,
1277 3408 1372 3512 ejus'

292 3542 473 3636 corporis,
499 3535 1042 3631 quodipseDuminusassumsrt‚
1067 3520 1357 3615 habitaculumf⁶

391 3660 523 3752 Neque
536 3660 607 3751 jam
625 3655 814 3730 obscurum
830 3654 900 3729 effe
912 3656 1030 3741 debet,
1056 3654 1154 3747 quod
1169 3657 1208 3729 in
1223 3656 1274 3735 Ps.
1289 3665 1350 3738 62.

287 3774 320 3877 §.
337 3799 372 3867 4.
395 3781 600 3855 memoratis
625 3778 807 3850 nonnullis
824 3775 929 3849 saneti
953 3777 1021 3847 viri
1038 3775 1233 3851 virtutibus
1258 3780 1350 3873 adie.

288 3894 357 3967 cit:
387 3898 600 3988 „Nonnisi
620 3915 684 3990 per
708 3896 784 3969 haec
806 3897 970 3990 probati,
1008 3897 1065 3970 vei
1084 3893 1224 3972 assumti
1243 3901 1350 3974 habe·

287 4013 422 4085 buntur
443 4035 462 4086 a
484 4016 646 4109 Christo,
681 4018 740 4090 vel
758 4018 790 4087 ei
815 4017 962 4089 obviam
984 4018 1168 4109 rapientur
1188 4020 1226 4093 in
1242 4023 1348 4094 nubi·

286 4131 402 4209 bus.“
451 4129 590 4212 Eorum
608 4138 722 4219 enim,
748 4136 807 4228 qui
822 4137 985 4230 probatae
1002 4138 1087 4212 vite
1103 4137 1250 4219 fuerint,
1275 4163 1346 4232 pro

1181 4257 1300 4333 diver·
