3317 4900
364 453 437 534 284
703 435 739 514 S.
788 433 1090 510 Hanaatt

365 606 401 680 dt
419 600 588 676 anteriori
605 597 742 673 Psalmo
767 597 802 670 in
822 557 993 692 Aggaeum
1008 596 1041 668 da
1057 595 1274 676 Zachariam
1291 599 1422 680 titulum

365 702 613 800 prescribere,
646 699 883 772 existimemus
904 697 941 770 in
962 698 1056 769 illius
1071 701 1256 790 temporis
1272 699 1421 776 homines

365 804 567 898 prophetie
586 801 690 892 hujus
707 795 959 892 praescientiam
975 798 1191 873 convenire.
1254 797 1420 892 Propheta

365 905 460 978 enim
483 923 559 974 non
582 901 722 998 ignarus
749 897 904 988 mysterii
926 896 1097 987 caelestis,
1130 917 1219 972 cum
1236 899 1278 971 in
1292 897 1420 974 edifica

365 1007 469 1078 tione
496 1003 564 1074 Dei
595 1001 751 1074 ciuitatis
776 999 963 1070 humanam
988 993 1276 1074 aedificationem
1301 1002 1418 1076 inanem

367 1103 436 1180 ell'e
454 1101 606 1192 dixisset,
632 1122 711 1172 cum
726 1099 810 1170 Deo
826 1099 955 1168 ciuitas
973 1097 1033 1168 nist
1050 1116 1114 1188 per
1130 1095 1254 1188 ipsum
1267 1097 1418 1174 aedificata

367 1221 499 1278 aeterna
522 1201 590 1272 else
604 1221 678 1274 non
697 1197 835 1291 pollet3
860 1217 936 1268 non
958 1217 1027 1268 nos
1046 1217 1142 1267 nunc
1161 1198 1207 1268 ad
1227 1204 1417 1296 gratulatio

365 1327 447 1380 nem
466 1299 645 1376 aedificatae
664 1322 682 1371 a
705 1298 786 1370 Deo
804 1295 939 1370 rursum
955 1295 1145 1390 Jerusalem
1163 1297 1416 1392 adhortaretur,

368 1426 471 1496 quam
497 1423 590 1474 vane
612 1403 656 1471 ab
683 1398 888 1471 hominibus
914 1393 1078 1469 edificari
1101 1409 1189 1470 ante
1209 1401 1416 1490 praedireru

368 1504 480 1600 Quod
498 1502 612 1589 liquis
631 1499 729 1571 sorte
744 1499 899 1590 putabit,
925 1497 961 1568 id
976 1495 1073 1588 quod
1087 1495 1122 1567 in
1141 1497 1218 1568 alio
1237 1498 1376 1574 Psalmo
1385 1503 1416 1574 itt

367 1603 496 1677 dissum
510 1599 577 1672 eil:
604 1599 677 1673 Nisr
692 1599 871 1671 Dominus
884 1595 1118 1670 edificaverit
1134 1596 1313 1690 domurn,
1337 1603 1415 1674 inve

367 1724 451 1776 num
473 1702 658 1790 laborant,
695 1701 752 1790 qui
775 1693 952 1771 edificant
969 1718 1065 1769 eam:
1090 1695 1152 1768 nih
1172 1695 1364 1774 Dominus
1379 1723 1415 1774 tu

366 1801 530 1876 stodierit
550 1801 756 1888 civitatem,
783 1801 817 1869 in
839 1811 971 1870 vanum
994 1797 1176 1890 vigilabit,
1202 1803 1273 1888 qui
1288 1801 1414 1874 custodit

368 1921 465 1978 eam,
490 1899 628 1974 idcirco
646 1897 773 1971 distum
793 1896 917 1988 suillo,
944 1895 1025 1987 quia
1044 1896 1283 1972 euersronem
1299 1903 1413 1993 eiusur

366 2001 436 2084 bis,
462 2001 758 2090 inquatemplum
769 1993 1128 2087 aedihcandttmellet,
1153 1995 1414 2094 Prophetapra

365 2100 550 2174 nosceret:
583 2094 773 2172 meminisse
787 2095 863 2166 haec
880 2095 988 2168 debet
1006 2096 1056 2166 ita
1077 2096 1320 2196 intelligens,
1350 2121 1414 2176 eun

366 2201 447 2276 dem
464 2201 560 2274 hunc
575 2197 790 2288 Prophetam
808 2191 1082 2268 aedificationem
1102 2215 1207 2288 earn,
1235 2221 1323 2292 quae
1339 2201 1414 2276 asa

365 2302 516 2376 robabel
534 2297 689 2371 secundo
706 2299 882 2367 innovata
898 2296 962 2386 est,
990 2299 1128 2368 inanem
1145 2295 1182 2367 dc
1201 2299 1414 2378 caducamlt·

227 2450 243 2467 κ
366 2395 605 2489 auranitide,
631 2395 1064 2491 nonignorarepotuilse;
1091 2400 1345 2495 nequeillam‚
1366 2419 1413 2495 qu

366 2523 387 2576 a
404 2502 598 2575 Salomone
613 2514 730 2588 coepta
745 2496 809 2588 est,
837 2519 913 2570 non
926 2519 943 2569 a
954 2499 1037 2569 Deo
1052 2495 1301 2578 constitutam
1312 2506 1414 2577 idcirco

367 2601 509 2687 dixisse,
542 2599 622 2691 quia
642 2618 705 2692 per
725 2616 843 2692 regern
865 2598 1074 2690 Babyloniae
1090 2595 1180 2669 esset
1202 2600 1414 2689 destruenda,

367 2722 448 2772 curn
470 2698 550 2792 post
573 2699 791 2793 septuaginta
815 2698 944 2770 deinde
961 2719 1074 2770 annes
1090 2696 1235 2772 rursum
1255 2700 1415 2779 eademst

365 2801 577 2883 reformata;
614 2800 704 2869 hanc
724 2818 836 2879 vero,
871 2820 947 2888 quae
967 2821 985 2869 a
1007 2798 1222 2872 Zorobahel
1252 2805 1350 2899 gesta
1367 2800 1414 2891 eli,

366 2897 436 2970 elle
462 2896 733 2970 edificationem
752 2898 821 2968 Dei
845 2899 1089 2989 praedicatam,
1129 2918 1215 2970 curn
1238 2907 1364 2979 exinde
1379 2900 1415 2970 di·

365 2999 499 3071 ruta&
522 2998 593 3070 stne
619 3000 733 3087 aliqua
750 2996 1007 3068 restauratione
1029 2998 1071 3069 stt
1091 2995 1294 3091 dissolutam
1319 3009 1415 3077 heaut

368 3100 519 3171 dirutam
542 3099 628 3171 licet
644 3099 841 3170 renovatio
858 3097 900 3168 srt
913 3096 1125 3185 consecuta,
1161 3097 1320 3178 inanem
1338 3119 1415 3191 atqua

325 3278 334 3296 N
366 3200 553 3273 humanam
579 3211 697 3270 tamen
723 3195 947 3290 predicasset
989 3198 1080 3268 hanc
1106 3216 1228 3276 vero,
1275 3225 1353 3294 quae
1370 3203 1415 3275 lint

366 3298 426 3391 spe
440 3298 707 3371 reformationis
725 3298 907 3387 acciderit,
935 3297 1046 3367 divini
1061 3299 1180 3387 operis
1193 3307 1414 3397 perpetuitate

366 3399 550 3471 renovari.
604 3398 690 3470 Hauc
708 3402 826 3471 omnia
842 3398 1086 3494 intelligentie
1106 3417 1246 3490 genera
1266 3404 1375 3479 stulta
1388 3414 1414 3474 at·

368 3519 437 3594 que
459 3499 606 3571 ridicula
625 3496 714 3568 sunt.

470 3623 503 3671 2.
529 3598 668 3670 Laudat
690 3609 807 3667 autern
829 3595 1011 3691 Propheta
1032 3594 1239 3672 Dominum
1267 3602 1415 3677 aedifican

367 3716 442 3772 tem
461 3696 649 3792 Jerusalem
666 3696 781 3787 illam,
809 3718 885 3786 quae
900 3698 1089 3770 secundum
1110 3693 1327 3794 Evangelia
1343 3697 1415 3776 sard

366 3800 459 3895 regis
477 3796 681 3886 estcivitas,
706 3797 741 3867 in
759 3816 898 3888 quaper
910 3796 1106 3870 Dominum
1119 3795 1412 3896 restrrgentessaa

366 3896 410 3972 tlt
434 3896 738 3983 demonstrantur,
776 3916 852 3983 quae
870 3897 1049 3969 invedhun
1069 3897 1169 3989 pullo
1189 3900 1303 3973 asrnae
1321 3896 1411 3975 noni·

365 4020 451 4074 natm
469 4000 503 4070 in
514 3995 775 4090 spesantinrum
791 4000 868 4066 leta
878 3995 1040 4085 suscepit.
1094 3994 1415 4089 Corpaoraliterqui·

367 4100 448 4176 dem
467 4098 528 4175 tali
542 4096 710 4173 vectione
727 4096 843 4191 illam,
870 4116 946 4189 quae
967 4098 1102 4170 occidit
1117 4093 1331 4191 Prophetas
1347 4098 1416 4176 &la-
1441 4172 1445 4195 ἶ

1285 4204 1385 4295 pidat
