3317 4900
261 409 282 510 Ι)
313 453 607 550 ,Tuumne
632 472 683 528 ru
708 447 943 529 CXXVIII.
967 399 1202 532 Priamum.
1283 478 1332 553 97

264 625 323 717 jur
350 613 558 716 glorificato
581 631 772 720 corpore,
800 613 900 705 quod
922 614 959 687 in
983 613 1160 690 coelestem
1179 615 1332 712 gloriam
1362 711 1364 715 ,

265 715 561 795 transformatum
576 713 643 795 est,
670 713 741 805 spei
754 715 884 786 nostrae
900 715 1080 788 honorem
1094 713 1330 812 speculamur,
1374 795 1382 816 ἱ

263 812 613 895 humilitatisnostrae
627 815 833 905 corporein
844 815 992 909 gloriam
1004 815 1228 906 corporirsui
1241 837 1330 891 con·

260 915 471 993 formando.
520 910 712 986 Ecclesiam
731 927 849 1012 autem
863 910 933 986 else
949 933 1081 1005 corpus
1100 910 1242 1004 Christi,
1269 938 1330 989 cu·

258 1022 318 1113 jus
330 1016 488 1105 inuicem
504 1013 661 1086 membra
673 1010 808 1086 sumus:
834 1011 1032 1103 Apostolus
1047 1012 1143 1085 testis
1159 1014 1223 1104 est,
1250 1035 1329 1106 quae

260 1115 337 1210 ipsa
352 1116 394 1188 fit
412 1112 499 1185 Sion
514 1133 619 1186 mons
638 1111 809 1201 Domini,
836 1114 929 1208 regis
948 1110 1039 1202 filia,
1068 1113 1196 1186 civitas
1213 1112 1328 1192 sancta

263 1215 363 1288 vivis
387 1213 559 1303 lapidibus
584 1212 620 1284 in
644 1210 880 1285 fundamento
899 1210 1161 1307 Prophetarum
1178 1212 1211 1284 dt
1226 1213 1329 1306 Apo·

262 1316 437 1390 stolorum
457 1309 642 1386 aedificata.
703 1311 807 1383 Hanc
831 1331 919 1407 ergo
938 1311 1025 1384 Sion
1048 1313 1205 1403 quisquis
1226 1315 1327 1407 odit,

263 1416 343 1488 odit
362 1433 464 1502 eum,
492 1414 592 1503 cujus
616 1411 800 1503 &corpus
817 1408 886 1483 est:
913 1410 963 1485 est
981 1414 1075 1485 enim
1097 1410 1247 1505 speciale
1261 1414 1328 1486 ad·

262 1511 386 1587 versus
403 1509 528 1585 fideles
546 1506 742 1581 infidelium
766 1510 899 1584 odium.
961 1509 1219 1586 Confundendi
1238 1532 1327 1609 ergo

264 1609 566 1705 erunt,-quiSion
577 1607 747 1697 oderunt,
774 1610 966 1682 retrorsum
979 1626 1223 1699 revertentur,
1250 1634 1328 1688 non

266 1714 303 1786 in
320 1709 471 1784 coelestia
487 1725 686 1799 currentes,
713 1728 831 1796 neque
849 1708 891 1779 ad
907 1707 1025 1782 futura
1038 1712 1243 1798 tendentes,
1267 1709 1327 1785 sed

264 1812 307 1886 ad
329 1825 474 1884 terrena
493 1807 568 1890 sua,
611 1808 848 1903 &originalia
863 1822 1109 1897 reuertentes,
1148 1812 1328 1903 pudorem

254 1912 481 2002 iniquitatis,
518 1909 551 1980 dc
572 1906 792 1980 infidelitatis
816 1905 883 1979 suae
898 1907 1022 1998 iudicii
1043 1923 1207 1998 tempore
1222 1908 1329 1984 senti·

264 2027 390 2098 entes,
416 2008 506 2078 &in
527 2010 698 2099 poenalem
717 2028 917 2098 corporum
930 2004 1065 2080 sensum
1088 2008 1203 2082 emilia
1217 2011 1329 2084 resur·
1431 2099 1434 2108 Ι

263 2107 434 2182 rectionis
453 2105 697 2179 demutatione
712 2108 916 2182 redeuntes.

371 2227 427 2277 ro.
453 2203 605 2296 ldipsum
626 2217 743 2278 autem
758 2205 880 2278 Psalmi
901 2203 1158 2297 consequentia
1175 2206 1326 2283 docent:
1367 2265 1369 2270 .

272 2311 374 2379 Fiam
387 2306 472 2400 ficut
482 2304 608 2397 funum
628 2306 845 2395 edificiorum,
884 2310 979 2404 quod,
1016 2311 1203 2403 priusquam
1218 2309 1329 2376 evodo·

265 2427 340 2494 tur,
366 2410 475 2478 aruit:
500 2407 535 2476 dc
553 2430 613 2503 quo
631 2429 699 2474 mom
713 2406 853 2500 implebit
865 2431 996 2478 monum
1010 2409 1118 2494 suam,
1144 2411 1199 2506 qai
1212 2424 1329 2497 meret,

265 2508 305 2586 (Ἰ
315 2509 422 2604 fimum
432 2507 543 2595 suum,
569 2512 628 2603 qui
644 2510 816 2591 manipulos
836 2512 961 2600 rudiger.
1013 2508 1061 2578 Et
1075 2532 1142 2578 mum
1158 2510 1329 2601 dixerunt,
1432 2514 1438 2529 ¹

263 2612 321 2706 qui
334 2608 557 2701 preteribant:
585 2605 767 2677 Benedifiio
790 2610 922 2677 Domini
932 2607 1025 2698 super
1039 2632 1110 2686 vos.
1161 2606 1328 2700 Nullum,

264 2720 309 2778 ut
324 2706 493 2793 arbitror,
520 2704 709 2777 secundum
727 2708 954 2796 corporalem
968 2707 1238 2803 intelligentiam
1249 2708 1331 2781 aedi·

264 2804 435 2879 liciorum
449 2801 582 2876 foenum
601 2803 669 2877 est:
696 2804 747 2876 est
762 2807 988 2899 autemagri,
1014 2807 1242 2900 ejusdemque
1256 2805 1331 2881 fru-

266 2902 473 2979 uuonffint.
531 2898 628 2999 Ergo
650 2905 737 2976 nihil
757 2904 816 2978 hic
834 2902 1025 2978 secundum
1043 2909 1178 2980 aurium
1194 2905 1330 2984 sensum

224 3056 228 3063 -
265 3003 506 3094 trailandum,
541 3016 649 3093 atque
665 3004 884 3095 opinandum
908 3002 970 3078 est.
1033 3005 1255 3080 Suntautem
1280 3006 1331 3080 se·

269 3105 424 3175 cundum
448 3100 640 3195 Scripturae
658 3102 906 3177 aurloritatem
925 3099 1073 3175 aedificia
1090 3102 1212 3193 firma,
1249 3104 1330 3178 lunt

267 3199 473 3276 &infirma
533 3201 652 3276 Firma
671 3201 771 3295 sunt,
807 3224 885 3295 quae
906 3203 1146 3277 fundamentis
1166 3200 1331 3278 fidelibus
1409 3288 1414 3297 Δ

266 3301 369 3393 supra
390 3300 653 3393 petramjacta,
688 3301 830 3388 fluviis,
867 3305 1009 3383 ventis,
1034 3305 1329 3377 inundationibus
1406 3318 1411 3325 ·

266 3422 343 3474 non
360 3414 569 3475 moventur.
618 3398 934 3488 Scorduinfirlna,
964 3422 1040 3494 quae
1057 3402 1207 3476 arenoso
1223 3398 1332 3475 aedifi·
1396 3406 1399 3411 '
1438 3440 1440 3444 ·

266 3514 349 3572 cata
363 3499 591 3590 fundamine,
624 3520 705 3571 cum
725 3501 951 3592 tempestates
972 3518 1061 3574 ortae
1078 3517 1201 3593 erunt,
1225 3500 1332 3574 ellici·

266 3612 336 3673 unt
352 3598 531 3689 ingentem
556 3599 704 3673 ruinam.
768 3598 860 3674 Sunt
885 3601 917 3672 dt
939 3598 1091 3674 sationes
1112 3604 1190 3674 duae
1211 3602 1332 3673 secun·

267 3699 353 3772 dum
371 3695 606 3790 Apostolum,
634 3695 797 3791 spiritus,
823 3714 931 3792 atque
949 3703 1083 3773 carnis:
1111 3703 1219 3790 &qui
1237 3701 1332 3792 spiri·
1397 3767 1400 3773 .

269 3798 355 3871 talia
371 3792 472 3887 serit,
496 3797 663 3895 spiritalia
679 3814 815 3889 metet;
844 3802 877 3872 dt
898 3802 956 3891 qui
970 3801 1123 3873 carnalia
1136 3793 1231 3890 serit,
1257 3820 1331 3873 car·

266 3897 362 3972 nalia
377 3909 501 3971 metet.
554 3895 651 3993 Ergo
674 3901 733 3990 qui
752 3897 843 3992 saepe
862 3901 895 3971 dr
913 3901 1049 3993 pridem
1062 3899 1330 3995 impugnabant,

269 3999 328 4089 qui
356 3993 461 4087 super
486 3993 626 4071 dorsum
653 3997 912 4091 fabricabant,
933 4001 993 4090 otri
1019 4003 1334 4099 prolongaverunt

269 4096 497 4189 iniquitates,
525 4115 676 4187 quorum
699 4100 936 4175 concidentur
958 4100 1143 4198 cervices,
1170 4099 1229 4194 qui
1246 4098 1329 4171 ode·
1364 4156 1368 4165 .

319 4198 356 4271 S.
372 4197 502 4274 Hilarii
518 4190 606 4272 Tum.
621 4197 686 4273 ΙΙΙ.
743 4256 746 4269 .
917 4194 955 4275 G
1202 4211 1301 4275 runt
1319 4191 1393 4336 fl
