3317 4900
312 449 597 534 'lateranus
620 471 670 528 an
687 384 959 532 cxxxvlii.
976 447 1210 532 Pssuuuu.
1262 469 1333 551 aps

269 641 331 695 ern
351 631 494 706 autem,
520 612 748 706 quarumdam
769 615 928 710 gentium
949 611 1231 708 consuetudine,
1258 635 1337 700 cer·¹

269 712 632 794 tumdcconstitutum
641 711 1130 811 modumitinerissgnisieatr
1155 731 1209 806 ut,
1233 713 1335 811 quod

265 837 336 894 nos
353 818 487 907 millia,
520 815 558 888 id
575 814 625 888 iili
641 825 764 903 xenos
779 827 991 905 nuncupent
1015 868 1026 890 .
1051 866 1062 889 .
1088 865 1133 890 ..
1326 871 1332 890 ,
1360 816 1362 821 ’

372 936 428 992 10:
453 913 636 990 Dominus
651 915 771 1002 itaque
785 910 954 988 nosterin
968 933 1015 987 eo
1033 931 1206 1008 corpore,
1231 913 1333 1006 qnod

268 1014 441 1108 assumsit,
469 1013 542 1108 jem
562 1010 796 1087 transcursam
813 1033 834 1085 a
851 1011 909 1108 se,
934 1027 1042 1104 atque
1061 1015 1181 1088 tritam
1197 1016 1234 1088 in
1247 1033 1334 1106 pro«

268 1111 803 1213 pherissemitampereucurrit:
831 1110 1334 1206 &certumconstitutumque
1370 1161 1373 1165 Δ

269 1217 333 1292 srbi
348 1214 482 1288 itineris
501 1210 550 1288 sui
567 1210 674 1287 finem
692 1211 867 1288 confecit.
917 1211 1030 1314 Quod
1049 1226 1169 1288 autem
1183 1231 1249 1306 per
1271 1214 1334 1292 tris

272 1330 345 1400 tam
370 1313 632 1409 predicationis
664 1310 821 1388 semitam
854 1314 1111 1405 ambulaverit,
1149 1313 1330 1394 audiamus

267 1415 378 1512 ipsum
395 1414 593 1488 dicentem:
618 1412 832 1505 Jerusalem,
864 1411 1070 1505 ierusalem,
1097 1431 1175 1505 qum
1193 1411 1333 1490 occidis

267 1514 486 1616 prophetas,
520 1511 701 1602 &lapidas
718 1530 803 1600 eos,
835 1513 895 1601 qui
913 1512 1007 1586 adte
1022 1509 1218 1605 missisunt,
1244 1532 1334 1603 quo·
1369 1537 1373 1544 ·

267 1616 361 1690 tiens
381 1614 484 1686 volui
501 1630 573 1686 con
597 1628 720 1706 regare
735 1602 833 1681 filios
845 1623 948 1702 tuos,
984 1611 1073 1684 scut
1089 1613 1218 1708 gallina
1240 1630 1331 1684 con·

268 1733 419 1888 {negans
436 1712 557 1805 pullos
573 1632 678 1799 fuos,
703 1707 737 1780 dt
754 1707 927 1782 noluistis
954 1712 1136 1805 Quotiens
1153 1731 1241 1788 cum
1257 1712 1333 1806 ait,

303 1814 505 1905 equentiam
521 1807 717 1884 numerose
730 1801 997 1904 significationis
1014 1809 1180 1888 ostendit.
1230 1811 1335 1886 Nihil

271 1934 360 2010 ergo
384 1914 475 1986 novi
491 1913 526 1984 dr
540 1912 634 2005 egit,
671 1908 706 1980 dc
726 1903 841 2002 passus
862 1907 934 2001 est,
967 1928 1047 1982 cum
1064 1927 1128 2001 per
1147 1913 1334 1986 nolentem

270 2008 483 2186 ἴῃςὶεςαῐί
503 2006 598 2178 sitlios
613 2006 695 2178 {ros
716 2002 930 2180 Jerusalem,
961 2008 1098 2082 totiena
1113 2006 1148 2081 u
1166 2010 1334 2104 auditus,

328 2131 370 2183 m
398 2125 616 2183 onorause
659 2129 694 2179 m
736 2127 778 2177 ro
831 2127 910 2181 ers.
1049 2132 1050 2135 ¹
1329 2169 1333 2189 ἱ

282 2187 288 2298 s
374 2226 432 2283 11.
460 2206 571 2308 Quod
598 2129 929 2282 autempdeffinirum
954 2202 1246 2301 &praescriptum
1264 2207 1335 2282 iter

273 2303 504 2390 consessurus
523 2302 625 2394 esset,
651 2301 850 2377 ostenditur
869 2305 907 2378 in
925 2326 987 2398 eo,
1014 2327 1094 2380 cum
1113 2308 1179 2379 aits
1207 2303 1285 2401 Ego
1298 2321 1337 2380 te

271 2403 515 2485 honorificavi
533 2400 802 2499 superterram,
833 2425 927 2499 opus
942 2402 1206 2501 consummavi,
1237 2405 1338 2499 quod

272 2504 397 2585 dedisti
415 2506 512 2583 mihi.
564 2506 639 2604 Qui
659 2504 779 2578 datum
800 2502 862 2579 sibi
881 2525 973 2600 opus
989 2505 1232 2598 consummat,
1259 2525 1336 2578 mo·
1375 2519 1377 2524 ·

272 2607 358 2691 dum
380 2602 588 2701 praescripta
599 2604 822 2700 operationis
834 2606 1008 2698 explevit.
1058 2604 1134 2680 Scit
1146 2621 1263 2680 autern
1274 2603 1356 2679 sini

275 2703 510 2783 constitutum
528 2701 619 2797 eise,
645 2703 730 2797 quid
750 2722 876 2799 gerere
893 2719 1086 2797 oporteat,
1113 2727 1193 2780 cum
1210 2708 1259 2779 ait
1273 2703 1338 2781 Pe-

273 2818 357 2896 tr0,
392 2802 511 2904 gladio
533 2802 610 2895 liis,
647 2806 705 2896 qui
722 2804 765 2876 ad
784 2806 1158 2898 comprehendendum
1176 2825 1257 2879 eum
1275 2827 1348 2879 vti-¹

271 2918 422 2998 nerant,
454 2898 641 2978 resistenti:
678 2902 858 2995 Calicem,
883 2925 987 2996 quem
1008 2904 1107 2978 dedit
1127 2904 1213 2979 mihi
1232 2901 1338 2979 Pater

273 3023 396 3097 meus,
429 3021 505 3078 non
525 3003 644 3077 bibam
665 2998 790 3077 illumi
827 3002 974 3078 Docens
991 2998 1026 3079 se
1044 3001 1255 3098 prescripta
1276 3004 1339 3078 sibi

276 3124 298 3181 o
318 3102 421 3178 Patre
440 3098 603 3197 passionis
620 3105 767 3178 calicem
784 3098 855 3182 esse
871 3105 1078 3187 bibiturum.
1130 3102 1207 3177 Scit
1226 3101 1260 3177 se
1275 3103 1340 3176 eri·

275 3223 331 3281 am
348 3199 505 3279 semitam
525 3197 619 3301 suam
635 3197 940 3294 direstionemque
952 3200 1158 3296 complesse,
1185 3222 1341 3294 cumpo·

275 3316 356 3378 tato
371 3317 479 3378 aceto
494 3299 653 3396 spiritum
668 3303 862 3376 traditurus
875 3304 941 3379 aits
967 3300 1257 3379 Consummatum
1269 3298 1340 3391 esta

276 3398 412 3481 &mox
429 3400 578 3475 tradidit
596 3396 767 3495 spiritum.

291 3570 294 3577 .
382 3522 436 3576 rs.
460 3496 566 3577 Hanc
582 3518 672 3597 ergo
693 3497 901 3575 semitam&
923 3496 1156 3583 dicessionem
1173 3494 1343 3573 suamPa·

276 3598 589 3698 terinvestsgavit.
641 3596 877 3695 investigavit
893 3616 1012 3679 autem
1054 3621 1093 3675 er
1110 3599 1343 3693 ¹l’ropiietnm,

277 3718 360 3777 cum
375 3699 420 3773 de
438 3695 535 3776 sorte
549 3696 659 3775 vestis
675 3700 934 3794 prophetavit,
959 3716 1000 3775 ut
1018 3624 1187 3793 sriptum
1202 3696 1270 3773 esta
1295 3694 1345 3773 Et

274 3797 381 3893 slipen
404 3796 652 3875 vestimentum
675 3818 793 3875 meum
819 3797 989 3875 miserunt
1010 3796 1156 3873 sortem.
1205 3793 1256 3871 Et
1278 3795 1346 3873 ito·

275 3914 373 3990 rum,
399 3916 480 3972 cum
496 3895 541 3972 de
552 3898 686 3973 tradito
701 3899 796 3973 inter
813 3900 973 3973 latrones
990 3913 1097 3990 atquo
1109 3890 1278 3990 suspenso
1290 3917 1346 3981 req

278 3998 427 4097 cognita
445 3994 496 4071 est
511 3997 702 4094 prophetia
717 3999 861 4073 dicensa
887 3995 1032 4071 Etcum
1051 3996 1181 4087 iniquis
1198 3995 1348 4091 deputa·

277 4110 339 4177 tua
361 4097 430 4177 esta
462 4098 528 4175 sal
551 4114 640 4187 cum,
656 4096 700 4187 de
722 4095 947 4271 ossieqintasso
961 4092 1253 4195 ,atqueimpresso
1269 4092 1349 4169 vui·

841 4216 866 4273 1
1215 4209 1319 4271 w!
