3317 4900
349 459 465 514 uo.
681 433 1072 512 &.H1tan11

345 600 469 676 bulat:
497 594 645 671 sednon
662 595 843 669 humiliter
859 596 976 671 sentit.
1027 593 1197 672 Excelsui
1214 601 1334 676 animo
1350 541 1418 687 est,

310 701 314 715 '
350 698 515 774 &corde
534 694 725 771 submillus.
777 697 931 770 Humilis
950 699 986 769 in
1007 697 1160 789 suis·est,
1184 697 1331 784 sednon
1348 704 1416 776 hu·

263 795 265 800 ’
347 802 440 874 milis
456 800 493 880 in
509 795 608 870 sensu
629 796 690 870 est.
741 794 867 869 Sensus
885 798 979 870 enirn
994 800 1069 889 ejus
1084 798 1121 870 in
1138 801 1232 871 coelo
1246 800 1315 891 est,
1342 806 1422 878 ani·'

224 910 226 914 '
347 922 406 975 ma
420 899 495 990 ejus
511 896 561 970 est
577 898 614 968 in
627 897 785 972 excellis.
837 895 959 969 Corde
970 914 1089 971 autern
1115 893 1137 993 (
1145 919 1191 972 ex
1208 919 1281 991 quo
1291 899 1415 976 securl-

349 999 433 1073 dum
452 997 686 1092 Evangelium
706 1010 841 1069 exeunt
857 999 1098 1091 cogitationes
1111 1000 1233 1090 malae,
1265 1000 1417 1076 homici-

351 1100 423 1189 dia,
448 1098 634 1188 adulteria,
661 1094 938 1187 fornicationes,
962 1095 1072 1187 furta,
1097 1095 1180 1170 falsa
1197 1096 1414 1197 testimonia,

351 1194 607 1294 blasphemie)
634 1195 850 1286 humilisest,
877 1193 1414 1300 suaviillimansuetudinlsjugo

350 1296 509 1378 subditus
530 1295 591 1371 est.
640 1293 892 1368 Tuuuunus
910 1316 997 1392 ergo
1021 1298 1292 1393 dehumilitatis,
1320 1301 1415 1376 &al-

256 1468 258 1474 .
350 1400 513 1472 titudinis
532 1395 660 1470 modus
677 1393 746 1467 est:
772 1409 813 1467 ut
831 1395 945 1470 corde
960 1398 1126 1490 humiles,
1151 1393 1251 1471 sensu
1270 1421 1365 1475 vero
1381 1403 1418 1476 dt

349 1500 465 1572 anima
480 1496 582 1570 fimus
601 1495 740 1568 excelsi.

398 1657 400 1662 .
453 1619 487 1687 5.
513 1596 658 1670 Dehine
673 1591 849 1685 sequiturt
874 1594 1171 1669 Sicutobletiotrrm
1183 1598 1414 1692 supermittunt

348 1703 455 1792 luam,
478 1696 524 1792 stc
543 1696 692 1766 retribues
709 1700 897 1766 inanimam
913 1721 1020 1772 meam.
1084 1696 1275 1771 Ablastato
1293 1695 1412 1793 Isaac,

351 1797 554 1892 accepimus
572 1793 753 1867 Abraham
772 1794 893 1868 fecille
912 1817 1063 1882 coenam:
1092 1798 1190 1886 quod
1205 1797 1417 1895 ablastatus,

346 1900 420 1993 jam
448 1897 576 1992 puerili
600 1895 695 1968 aetati
720 1896 905 1987 proximus
930 1915 1071 1968 craunr
1089 1896 1185 1969 tactis
1206 1900 1412 1976 excederet.

350 1997 401 2072 Et
416 1995 615 2090 Apostolus
634 2014 758 2068 omnes
777 1994 873 2066 rudis
896 1990 992 2087 fidei,
1020 1996 1238 2069 &infantilis
1252 1998 1414 2074 adhueiu

349 2097 424 2173 Dei
443 2099 549 2171 rebus
568 2093 735 2184 scientie,
761 2091 851 2166 laste
869 2108 983 2186 potat.
1032 2093 1130 2191 Ergo
1146 2097 1330 2190 profectus
1343 2121 1414 2173 ma·

248 2281 253 2292 ,
349 2194 541 2286 ximusest,
564 2192 997 2290 jamlattenonindigere.
1048 2194 1413 2275 Adlortioremenim

352 2302 471 2373 cibum
488 2291 648 2369 transille
668 2291 779 2366 filium
797 2291 894 2370 suum
916 2292 1121 2386 Abraham,
1161 2298 1268 2371 etiam
1285 2299 1413 2373 convi-

351 2401 403 2474 vii
420 2396 540 2471 laetitia
556 2392 702 2469 testatus
718 2391 786 2466 est:
813 2394 846 2466 dr
867 2392 1064 2487 Apostolus
1081 2397 1278 2471 carnalibus
1290 2398 1412 2492 &par-

349 2502 446 2573 vulis
461 2502 498 2570 in
516 2494 658 2569 Christo
672 2516 799 2586 panem
810 2509 929 2589 negat.
981 2496 1163 2590 Propheta
1179 2498 1300 2589 itaque
1315 2515 1412 2592 orat,

351 2603 433 2691 quia
451 2618 526 2670 non
543 2595 756 2667 exaltaverit
772 2613 837 2666 cor
853 2595 972 2687 suum,
999 2598 1079 2686 quia
1097 2619 1172 2670 non
1192 2600 1227 2670 in
1252 2601 1410 2694 magnis,

350 2701 386 2773 &
400 2697 616 2772 mirabilibus
631 2691 697 2765 suis
715 2696 966 2786 ambulaverit,
995 2699 1162 2785 quianon
1180 2699 1324 2771 humilia
1335 2696 1411 2772 sen·

349 2797 448 2890 serit,
474 2796 531 2870 sed
551 2795 769 2868 exaltaverit
785 2798 934 2868 animam
953 2793 1061 2886 suam,
1088 2798 1139 2868 uti
1159 2811 1334 2888 tamquam
1350 2801 1410 2870 ab·

348 2897 480 2972 lailato
505 2895 607 2988 super
627 2908 773 2967 matrem
799 2892 891 2967 suam
916 2896 1134 2968 retribuatur
1160 2899 1283 2970 anime
1313 2898 1411 2988 ejus:

297 3054 301 3063 .
348 2997 484 3072 scilicet
500 2991 648 3087 perfecti
667 2994 700 3065 dc
720 2992 888 3083 coelestis,
917 2995 1124 3067 &viventis
1143 2999 1242 3088 panis
1259 2998 1412 3084 retribu-

347 3101 452 3171 tione
466 3094 508 3169 s1t
523 3094 670 3190 dignus,
698 3094 778 3184 quia
795 3114 859 3183 per
875 3093 1073 3185 superiora,
1100 3117 1176 3184 quae
1192 3116 1412 3172 commemo·

321 3234 329 3263 ·,
349 3199 466 3288 ravit,
490 3215 622 3286 opera,
651 3194 768 3265 cibum
784 3195 855 3285 jam
872 3192 969 3265 lastis
987 3193 1183 3271 excesserit.

448 3301 484 3371 ό.
509 3294 580 3368 Sed
598 3313 716 3384 neque
730 3294 791 3366 irbi
807 3297 1051 3366 tautumhunc
1063 3299 1186 3369 vivum
1203 3297 1332 3369 ecoelis
1349 3319 1410 3391 pa·

347 3418 431 3472 nem
448 3407 633 3489 precatur:
665 3391 852 3466 universos
870 3409 988 3467 autem
1014 3397 1055 3467 ad
1078 3396 1151 3485 ejus
1169 3392 1262 3485 spem
1279 3398 1410 3471 adhor-

348 3510 467 3587 tatur,
505 3494 647 3568 dicens:
680 3495 903 3588 Speretlsrats
924 3501 961 3564 in
986 3500 1138 3582 Domino,
1172 3497 1280 3564 exhor
1298 3525 1405 3584 nunc,

348 3599 389 3674 θ
416 3621 511 3692 usque
536 3600 575 3665 irr
595 3593 731 3682 seculum
747 3593 850 3682 seculi.
911 3592 1017 3686 Spem
1038 3593 1191 3666 nostram
1212 3598 1314 3669 nullo
1335 3596 1410 3672 fine

348 3709 552 3788 temporum
577 3693 733 3788 claudit,
771 3695 807 3766 in
826 3693 1032 3766 immensum
1050 3692 1322 3785 exspectationis
1341 3720 1409 3771 no·

346 3793 426 3877 strae
442 3793 547 3868 fidem
565 3795 693 3867 tendit.
751 3793 793 3865 ln
814 3791 969 3867 seculum
990 3792 1093 3865 seculi
1111 3793 1316 3885 sperandum
1338 3795 1407 3868 est:

349 3895 431 3985 quia
447 3915 510 3986 per
526 3892 620 3987 spem
632 3890 811 3987 praesentis
824 3890 944 3975 seculi,
971 3892 1064 3985 spem
1072 3893 1184 3971 ‚futuri
1199 3895 1302 3970 seculi
1317 3914 1407 3966 con·

338 3993 553 4085 sequemur,
586 3995 623 4066 in
644 3995 802 4067 Domino
823 3992 948 4065 nostro
970 3992 1050 4090 Jesu
1075 3993 1237 4089 Christo,
1275 3997 1332 4086 qui
1354 3994 1408 4069 est

347 4091 553 4170 beneditius
566 4094 604 4169 in
620 4091 737 4170 secula
749 4092 961 4170 seculorum.
1011 4096 1142 4171 Amen.
1200 4189 1339 4268 ΡΜ
