3317 4900
421 387 703 518 Trecentos
728 460 778 515 ru
803 436 990 558 CXLIV.
1014 435 1250 518 Psatuuu.
1304 461 1372 537 app

303 600 483 681 munuum
501 602 649 680 indultis
668 602 757 675 cibis
779 602 960 693 vivimus,
994 621 1075 678 cum
1091 621 1234 676 manum
1256 602 1371 696 aperi-

306 705 401 780 endo
421 702 553 777 animas
568 702 707 775 nostras
727 703 833 778 donis
853 700 1064 795 spiritalibus
1081 701 1213 794 replet,
1240 685 1369 784 &cum

303 827 350 880 ex
374 804 521 876 virtutis
543 800 610 876 suae
629 802 735 876 fonte
754 803 862 894 copia
886 803 922 874 in
947 814 1185 894 noseorum,
1212 821 1289 892 quae
1307 802 1368 877 srbi

301 902 529 999 beneplacita
546 898 646 993 sunt,
673 902 858 976 exuberat.
910 901 1022 997 Quod
1038 914 1229 993 utrumque
1246 902 1283 973 in
1296 900 1367 996 his,

304 1025 383 1097 quae
405 998 696 1094 consequuntur,
731 1001 904 1075 discernit
919 1003 987 1076 ita:
1026 1004 1135 1097 Julius
1154 1005 1311 1073 Dominus
1329 1006 1368 1072 in

300 1103 444 1175 omuibus
470 1105 538 1172 viis
554 1101 644 1191 suin,
681 1100 937 1191 &semisurda
963 1101 1101 1172 omnebus
1129 1101 1269 1196 operibus
1285 1103 1365 1190 suis.

304 1203 421 1299 Justus
437 1203 474 1275 in
491 1201 560 1274 viis
580 1202 651 1294 est,
677 1223 758 1276 curn
775 1200 1020 1276 infirmitatem
1036 1198 1193 1274 nostram
1214 1203 1250 1274 in
1266 1218 1366 1273 ater·

300 1325 387 1377 num
406 1321 555 1398 regnum
583 1302 680 1377 suurn
710 1300 924 1376 confirmata
951 1302 1132 1374 donorum
1157 1297 1364 1394 spiritalium

301 1402 558 1478 communione
576 1403 740 1490 deducit3
767 1400 904 1475 sandius
918 1416 1036 1475 autem
1048 1400 1085 1474 in
1099 1397 1271 1492 operibus
1280 1399 1363 1494 suis,

303 1525 382 1577 curn
400 1501 571 1575 universis
585 1500 719 1574 fruetus
731 1503 767 1572 in
779 1512 984 1592 temporum
1000 1499 1276 1595 opportunitate
1288 1499 1364 1593 sup·

298 1603 450 1696 peditat:
477 1597 696 1675 tenuitatem
710 1597 803 1673 suam
820 1600 855 1672 in
867 1603 1023 1673 omnium
1034 1601 1199 1674 alimonia
1212 1599 1364 1694 docens,

294 1701 464 1794 justitiam
485 1703 638 1774 veroin
664 1698 844 1793 replendis
873 1700 1101 1793 beneplacito
1126 1700 1250 1776 animis
1276 1720 1363 1774 con·

297 1801 456 1876 servans.

297 1999 443 2071 cruribus
459 2023 537 2070 eum.
588 1997 677 2070 Non
693 2000 804 2096 longe
825 1997 942 2081 abest,
976 2001 1033 2089 qui
1050 2011 1114 2089 per
1136 2013 1271 2071 nature
1293 1999 1362 2073 suae

297 2102 487 2188 virtutem,
513 2095 634 2189 &ipse
650 2099 783 2189 ubique
800 2099 935 2192 semper
953 2098 1017 2187 est,
1044 2099 1191 2171 &totus
1210 2096 1360 2192 semper,

297 2198 332 2269 ἂ
351 2199 484 2289 ubique
500 2195 571 2289 est,
599 2193 790 2272 secundum
806 2200 893 2273 illud
909 2195 1097 2294 Apostoli:
1126 2197 1221 2296 Quia
1232 2197 1270 2269 in
1283 2197 1360 2289 ipso

295 2295 436 2389 sumus,
473 2296 557 2370 &in
578 2294 654 2388 ipso
672 2298 829 2372 vivimus
850 2319 890 2370 ac
907 2316 1107 2372 movemur.
1168 2295 1287 2389 Prope
1311 2295 1362 2370 est
1434 2321 1442 2362 κ

296 2417 386 2493 ergo
406 2397 684 2488 invocantibus,
725 2418 805 2472 curn
825 2397 913 2471 nihil
931 2396 993 2489 su,
1031 2397 1128 2490 quod
1147 2395 1218 2470 stne
1239 2418 1285 2469 eo
1306 2395 1359 2474 srl'.

295 2498 367 2572 Sed
392 2500 519 2588 quibus
543 2499 800 2571 invocantibus
820 2518 936 2590 prope
957 2497 1018 2584 sat,
1052 2519 1097 2570 ex
1117 2494 1276 2589 subjedis
1297 2496 1362 2567 do·

298 2612 376 2669 cet:
403 2597 555 2667 Omnibus
566 2598 1068 2669 invocantibuseumiuoeritats.
1119 2595 1210 2670 Non
1220 2617 1265 2669 ex
1278 2597 1360 2667 otio

297 2696 569 2786 invocantibus,
594 2717 712 2786 neque
729 2719 773 2770 ex
786 2694 939 2771 infidelis
953 2697 1188 2794 ambiguitatis
1202 2696 1360 2790 incerto,

294 2793 356 2869 sed
374 2815 499 2868 verum
518 2795 635 2870 Deum
650 2794 745 2869 fideli
760 2797 1018 2870 invocantibus
1034 2797 1200 2871 veritate.

394 2915 452 2972 22.
478 2894 526 2966 Et
545 2916 626 2968 curn
641 2915 756 2988 prope
772 2896 879 2990 adsit,
905 2897 990 2987 quid
1006 2896 1260 2969 invocantibus
1274 2891 1309 2969 se
1322 2896 1359 2969 in

295 2993 453 3066 veritate
472 2996 628 3088 tribuat,
655 2995 896 3088 demonstrat,
923 2997 1064 3069 dicens:
1094 2998 1297 3069 Wlunrarem
1315 3000 1359 3066 ri·

296 3100 453 3163 monrium
464 3095 623 3186 sefaciem
650 3116 726 3168 non
744 3098 901 3188 turpium
917 3098 1141 3186 voluntates,
1167 3115 1285 3186 neque
1303 3094 1358 3164 vi·

293 3191 469 3267 tiosorum
493 3195 705 3289 cupiditates
732 3195 832 3269 Deus
859 3196 988 3281 facieta
1024 3193 1083 3268 sed
1106 3198 1289 3265 timentum
1301 3192 1357 3281 ss,

293 3313 358 3386 per
374 3309 508 3370 metum
527 3296 764 3386 innocentes,
804 3316 868 3388 per
882 3291 989 3368 fidem
1003 3292 1193 3388 honestas,
1218 3312 1283 3386 per
1303 3311 1358 3367 τε,

294 3395 493 3466 verentiam
519 3395 761 3467 verecundas:
802 3394 836 3466 dc
864 3396 1072 3466 voluntates
1097 3415 1173 3466 non
1201 3389 1355 3483 otiosam

294 3509 412 3578 neque
427 3509 563 3583 mutas,
591 3514 707 3584 neque
720 3492 857 3587 sperare
871 3493 1001 3584 aliquid
1018 3493 1083 3566 ase
1098 3492 1253 3583 quodam
1270 3510 1356 3562 con-

295 3598 411 3661 temtu
427 3592 553 3666 silentii
570 3593 824 3688 dedignantem
850 3591 909 3666 sed
925 3614 1009 3684 queas
1021 3595 1210 3683 eloquatur
1221 3594 1356 3682 oratio,

296 3707 382 3777 quas
399 3711 521 3781 preces
546 3692 806 3766 contestentur.
857 3690 907 3764 Et
922 3694 1006 3765 ideo
1023 3690 1189 3784 subjecit:
1219 3691 1265 3761 Et
1287 3715 1357 3761 ora·

295 3795 411 3863 tionem
431 3815 531 3863 sorum
553 3795 707 3866 exaudiet.
767 3793 948 3867 Voluntas
965 3813 1054 3888 ergo
1078 3813 1157 3865 eaa
1181 3788 1264 3865 Deo
1291 3786 1354 3881 fit,
1388 3824 1391 3829 ,

295 3908 373 3979 quae
389 3908 486 3963 voce
503 3892 678 3965 orationis
690 3892 889 3967 exauditur.
940 3890 1276 3983 Sedquaevoluntas
1291 3882 1357 3962 fiet

293 3989 501 4062 orantium?
531 3994 575 4061 Er
585 3993 707 4079 juvas,
733 3992 864 4085 inquit,
883 3992 986 4084 facies
1007 4017 1065 4063 eos.
1118 3988 1204 4063 Hoc
1222 3989 1356 4061 volunt

290 4090 473 4168 timentes.
524 4089 664 4187 Deum,
689 4094 763 4169 boc
780 4105 821 4165 ut
842 4092 1047 4185 audiantur,
1072 4102 1200 4185 orant,
1226 4100 1383 4173 utnon.

787 4190 859 4282 8³
1133 4260 1138 4269 ,
1191 4188 1312 4263 tout-

390 1924 458 1977 ·21.
484 1898 569 1973 Post
590 1920 666 1990 quae
689 1897 863 1991 sequitur:
902 1901 997 1994 Prope
1021 1898 1062 1995 ιβ
1086 1902 1245 1970 Dominus
1268 1855 1362 1970 iuvo-
1431 1993 1436 2000 ¹
