3317 4900
359 473 740 552 Couuenraatur
774 457 834 548 tnT'
856 471 1123 548 Mernuurr.
1196 493 1269 570 ⁴25

310 662 342 731 3.
373 641 428 711 Vae
449 637 526 709 hnic
546 636 661 707 mundo
674 634 872 723 oscumalir.
923 625 1201 734 lllrrefferfl'cnim
1215 661 1270 712 oe.

262 767 287 813 re
301 739 469 831 [raldulfi
495 737 714 807 verumtamen
726 759 775 806 ω
791 737 917 806 homini
936 737 994 821 idi,
1014 754 1071 832 prr
1083 738 1269 833 quotuscun-

262 845 320 910 lum
332 843 437 912 venir.
485 833 1270 927 Humilitarprffionisscandalummundooll.

276 943 349 1015 hoc
376 938 470 1014 enim
494 938 645 1010 maxime
669 937 870 1030 ignorantia
898 934 1080 1008 detinetur
1099 935 1273 1030 humana,

264 1041 311 1113 od
333 1037 395 1114 sub
419 1037 647 1110 deformitate
671 1036 810 1126 crucis,
842 1047 983 1107 eterne
1003 1036 1126 1134 gloriae
1144 1035 1272 1112 Domi·

266 1137 592 1229 mnolitaccipere.
641 1131 1270 1231 thuidmundotampericulosum,

267 1262 319 1313 am
337 1258 413 1311 non
429 1233 598 1329 recepisse
617 1231 821 1308 Christum?
845 1233 1112 1324 ,Verumtamen
1128 1232 1189 1311 sub
1208 1238 1273 1314 ho·

266 1341 320 1411 nis
341 1337 630 1429 nuncupatione,
667 1329 848 1407 austorem
870 1329 1020 1408 scandali
1040 1336 1144 1426 hujus
1158 1336 1275 1430 Judai·v

264 1461 296 1512 m
321 1438 494 1531 populum
512 1435 690 1530 defignrt,
722 1452 786 1525 per
806 1453 911 1524 quem
928 1455 1037 1508 omne
1050 1436 1124 1509 hoc
1139 1437 1275 1511 mundo

264 1539 412 1610 riculum
429 1546 675 1627 comparatur:
700 1549 742 1604 ut
758 1531 933 1606 Christum
949 1535 985 1607 in
998 1533 1154 1627 pullione
1170 1540 1276 1612 abne···

263 1652 317 1730 nt,
344 1656 450 1729 quem
465 1631 765 1726 leudtprophete
778 1632 966 1724 pallibilem
979 1635 1274 1730 predicaverunt,

262 1758 304 1810 eo
321 1757 415 1810 vero
430 1732 569 1809 necesse
586 1731 655 1806 elle
667 1733 717 1804 rit
733 1731 1050 1810 veturescandala:
1076 1737 1157 1826 quia
1173 1738 1216 1810 ad
1227 1735 1275 1814 sa·

262 1849 438 1909 amentum
458 1833 646 1906 reddendae
665 1833 778 1904 nobis'
787 1833 1017 1926 eternitatis,
1042 1836 1159 1910 omnia
1172 1838 1210 1912 iu
1228 1857 1290 1914 eo.

264 1936 382 2011 ffionis
399 1933 577 2007 humilitas
594 1931 679 2005 esset
693 1931 879 2025 explenda.

319 2057 353 2123 4.
380 2032 548 2124 Superius
567 2047 684 2105 autem
698 2033 735 2103 in
757 2027 1000 2104 abscindendis
1014 2051 1119 2106 mauu
1136 2036 1199 2108 vel
1216 2055 1278 2128 pe·

262 2160 295 2226 t,
327 2133 636 2225 propinquitatum
659 2130 838 2205 contineri
863 2131 1010 2204 nomina
1031 2132 1277 2224 exposuimoa:

262 2255 328 2324 que
338 2230 421 2305 ideo
438 2231 692 2332 cognationem
708 2232 823 2325 gentis
833 2229 1000 2304 lsraelitae
1013 2233 1279 2325 relinquendam

262 2335 336 2406 eluti
355 2330 508 2423 quadam
526 2334 766 2404 membrorum
785 2330 959 2402 recisione
974 2329 1168 2427 significat,
1191 2333 1280 2428 ⁴tutin

262 2455 377 2507 neam
392 2428 985 2525 mundoscandalacomparentur.
1249 2498 1256 2519 x

322 2556 355 2622 ς.
387 2533 520 2619 mete,
544 2556 583 2600 ne
595 2537 807 2601 contemnatis
826 2556 928 2599 unum
941 2534 977 2600 dc
990 2530 1107 2625 presidis
1121 2531 1199 2627 isliu,
1223 2537 1282 2629 qtrr'

262 2636 403 2703 adunrin
420 2656 477 2704 me.
528 2628 1280 2715 Artissimumvinculummutuiamorisim·

262 2731 363 2824 aluit,
387 2729 430 2804 ad
447 2750 512 2805 eos
529 2730 727 2822 precipue,
755 2731 815 2819 qui
831 2750 919 2801 vere
933 2731 970 2801 in
988 2729 1151 2803 Domino
1169 2731 1281 2806 credi·

262 2831 362 2906 ssent.
414 2829 623 2903 Pulillorum
643 2832 737 2902 enim
759 2828 890 2923 Angeli
917 2830 1210 2919 quotidie²Deum
1227 2833 1282 2905 vi·

262 2946 327 3005 nt:
356 2929 437 3021 quia
457 2927 549 3001 filius
571 2929 723 3001 hominia
740 2930 843 3001 venit
859 2926 1016 3019 salvare,
1048 2948 1126 3020 quae
1143 2931 1283 3023 perdita

263 3046 314 3106 nt.
365 3028 466 3125 Ergo
486 3028 519 3100 u
536 3026 628 3100 lilius
646 3027 801 3101 hominis
816 3024 942 3121 salvat,
968 3028 1003 3099 dc
1018 3028 1135 3101 Deum
1150 3028 1283 3124 Angeli

266 3133 372 3223 dent,
399 3128 433 3200 dc
452 3127 584 3222 Angeli
600 3128 802 3222 pusillorum
820 3126 910 3201 sunt.
960 3124 1134 3201 Fidelium
1149 3131 1284 3202 oratio·

264 3231 330 3302 bue
344 3226 486 3321 praeelse
506 3229 691 3322 Angelos,
717 3225 878 3299 absoluta
893 3222 1084 3301 auctoritas
1100 3226 1161 3303 est.
1211 3226 1286 3303 Sel·

262 3344 394 3403 uorem
407 3329 515 3422 igitur
535 3347 600 3417 per
623 3324 797 3399 Christum
816 3324 1002 3410 ottones
1019 3326 1148 3423 Angeli
1167 3329 1286 3420 quoti·

264 3449 284 3500 e
299 3426 383 3500 Deo
401 3421 573 3499 offerunt.
624 3422 720 3521 Ergo
738 3424 939 3517 periculose
952 3427 1013 3498 ille
1025 3429 1285 3519 contemnitur,

262 3528 328 3617 rjus
347 3525 516 3600 desideria
531 3544 572 3595 ac
591 3523 851 3615 postulationes
869 3525 913 3596 ud
928 3538 1098 3599 aeternum
1116 3526 1149 3598 dt
1171 3526 1289 3601 invisi·

262 3628 335 3698 lem
355 3625 474 3699 Deum
498 3623 687 3697 ambitioso
701 3624 924 3723 Angelorum
942 3624 1114 3700 famulatu
1129 3645 1171 3698 ac
1187 3625 1291 3701 mini'·

262 3725 336 3798 erio
357 3724 617 3818 pervehuntur.

327 3828 362 3898 6.
387 3823 509 3913 Atque
519 3838 559 3895 ut
573 3826 754 3918 ingentem
768 3822 838 3898 else
850 3826 887 3898 in
901 3821 1290 3901 coelislutitiamreditu

262 3942 391 3996 umanu
406 3922 523 3995 salutis
542 3922 767 4011 ostenderet3
794 3926 1073 4025 comparationis
1093 3920 1211 4020 posuit
1229 3944 1292 3997 ex·

262 4025 406 4118 nplum,
437 4021 534 4113 ejus,
561 4025 619 4112 qui
635 4043 726 4094 ovea
743 4025 939 4119 nonaginta
955 4044 1091 4097 novem
1107 4026 1143 4096 in
1161 4024 1292 4099 monti·

262 4144 298 4198 ur
315 4118 532 4217 reliquisset,
558 4120 593 4194 u·
612 4136 787 4297 emerge?
800 4142 909 4314 ἔιῃαηι
923 4121 1117 4218 requisisset
1125 4142 1231 4298 avgg?
1224 4142 1294 4297 ιιιι
