3317 4900
337 479 407 556 ψ
667 401 1065 534 ssttinmi
1135 465 1145 502 '-

249 609 251 616 ’
303 623 307 666 ¹
339 611 562 714 perficienti
586 613 656 690 Sed
670 636 713 690 en
726 617 817 692 nihil
830 630 1083 711 nosterreant,
1109 619 1330 718 glotiaeloco
1341 639 1407 717 po·

337 719 410 794 tius
435 713 711 810 amplectentes,
745 716 955 794 fiDomino
978 715 1105 792 nostro
1129 721 1196 793 vel
1207 717 1405 816 paffionunt

339 818 615 892 conditionibus
631 815 867 909 adaequeniur.
1113 869 1118 876 -
1440 903 1442 912 Ι

443 919 499 991 16.
526 917 629 988 Nihil
642 916 683 1010 es!
703 918 865 998 multum,
887 917 969 1014 quod
979 937 1045 986 non
1056 915 1265 994 revelabitur.
1302 915 1406 994 Diem

339 1013 478 1092 scilicet
488 1015 612 1106 judicii
627 1012 805 1108 ostendit,
833 1036 911 1109 quae
924 1011 1112 1090 abstrusam
1127 1019 1408 1094 voluntatisno-
1439 1051 1442 1112 4

339 1113 417 1190 strae
441 1112 698 1188 conscientiam
712 1117 864 1209 prodet:
899 1115 1011 1206 ἀει,
1046 1136 1124 1207 quae
1141 1136 1245 1189 nunc
1263 1117 1406 1192 occulto

339 1211 599 1304 existimamus,
624 1215 706 1287 luco
726 1215 948 1312 cognitionis
962 1213 1115 1308 publicae
1132 1214 1296 1312 deteget.
1349 1219 1406 1312 lgi-

339 1327 400 1388 tur
423 1333 501 1385 non
526 1313 656 1393 minas,
688 1333 767 1386 non
792 1312 961 1405 consilia,
999 1333 1076 1388 non
1098 1312 1307 1406 potestates
1323 1315 1404 1391 inse·

341 1409 510 1486 &antium
522 1423 650 1485 monet
662 1410 971 1486 essenetuendas:
997 1414 1405 1507 quiadiesjudiciinnlla

338 1511 417 1586 haec
438 1507 538 1583 fuisse
552 1524 659 1602 atque
677 1514 818 1605 inania,
845 1513 1034 1586 revelabit.

442 1630 497 1700 17.
527 1611 574 1680 Et
594 1612 671 1707 quod
686 1614 749 1682 dico
766 1613 855 1684 vobis
871 1616 909 1681 in
926 1613 1075 1699 tenebris,
1100 1611 1195 1684 dicite
1207 1615 1251 1684 in
1270 1615 1401 1690 lumine}

338 1707 379 1786 ὅ
399 1711 477 1803 quod
497 1713 534 1778 in
547 1733 624 1780 aure
642 1714 782 1800 auditis,
804 1713 971 1809 prodiente
983 1717 1078 1806 super
1095 1711 1191 1784 tesia.
1247 1713 1343 1788 Non
1361 1717 1401 1788 lo·

362 1811 452 1881 imus
473 1807 671 1884 Dominum
689 1808 833 1885 solitum
850 1808 951 1883 fuiffe
972 1805 1137 1883 nottibus
1155 1808 1400 1906 sermocinari,

338 1831 374 1980 g
396 1903 595 1984 doctrinam
613 1912 651 1982 in
668 1912 825 1984 tenebris
842 1905 1032 1982 tradidiffe.
1091 1909 1163 1982 Sed
1185 1913 1275 2004 quia
1294 1917 1400 1988 omnin
1438 1949 1442 1966 ·

339 2005 455 2082 sermo
479 2007 555 2101 ejus
573 2010 771 2082 carnalibus
785 2008 943 2081 tenebrae
959 2005 1064 2100 sunt,
1103 2009 1136 2082 ot
1160 2015 1320 2088 verbum
1337 2015 1401 2108 ejn

340 2101 546 2181 infidelibus
564 2129 642 2180 non
659 2105 728 2194 ost3
755 2107 788 2178 ἃ
811 2108 957 2200 cuique,
985 2106 1118 2200 quoda
1137 2104 1172 2181 se
1188 2108 1329 2186 ditium
1348 2109 1401 2204 est,

341 2228 423 2283 cum
440 2208 607 2282 libertate
624 2202 707 2278 fidei
725 2206 758 2279 ot
774 2205 1007 2282 confesionis
1024 2206 1075 2280 est
1086 2207 1337 2298 loquendum:
1359 2212 1399 2284 id·
1425 2219 1428 2228 '

341 2307 464 2400 circo,
490 2327 569 2400 quae
583 2307 621 2378 in
639 2307 799 2380 tenebris
818 2304 910 2380 dieta
926 2305 1027 2397 sunt,
1053 2307 1242 2399 predicari
1258 2307 1399 2403 juffitin

339 2407 480 2495 lumine,
516 2405 551 2480 ἀ
571 2424 649 2497 quae
668 2401 809 2479 secreto
829 2408 965 2481 aurium
984 2405 1293 2496 commisesunt,
1320 2413 1400 2509 [uper

340 2504 443 2595 utta,
468 2503 590 2587 idest,
615 2505 772 2599 excelso,
798 2520 842 2579 ut
854 2508 1081 2596 loquentium
1097 2513 1295 2597 praeconio
1320 2512 1399 2587 audi·

341 2621 456 2680 antur.
509 2601 725 2676 Constanter
743 2608 839 2678 enim
861 2603 930 2677 Dei
947 2605 1140 2700 ingerenda
1157 2614 1332 2705 cognitio
1346 2610 1398 2704 est,

340 2706 375 2777 ἀ
398 2703 617 2797 profundum
639 2703 807 2777 doetrinae
833 2706 1049 2799 evangelicae
1074 2702 1257 2783 secretum
1274 2714 1398 2786 lumine

338 2803 605 2899 predicationis
622 2802 829 2895 apostolice
852 2804 1102 2876 revelandum:
1137 2825 1219 2879 non
1238 2812 1398 2885 timentes

339 2924 425 2991 eos,
461 2902 610 2990 quibus,
645 2923 726 2975 cuin
740 2902 781 2974 sit
798 2904 945 2975 licentia
959 2906 995 2974 in
1014 2923 1193 2995 corpora,
1224 2920 1350 2985 tamen
1369 2913 1398 2983 in

340 3003 493 3075 animant
513 3000 571 3093 jus
593 3002 729 3073 nullum
751 2999 820 3086 est3
856 3000 914 3074 sed
929 3005 1098 3074 timentes
1116 3006 1248 3096 potius
1269 3010 1399 3100 Deun,

340 3104 400 3174 cui
423 3099 614 3272 gterdendae
638 3100 674 3172 in
699 3100 864 3196 gehenna
889 3100 1085 3194 &animae,
1120 3103 1351 3202 &corporis
1366 3108 1399 3183 fit

368 3214 430 3274 ote
464 3220 511 3273 as.

338 3224 363 3297 p
445 3308 500 3377 18.
527 3300 647 3375 Νοηηε
662 3300 720 3368 duo
733 3299 865 3395 pastores
877 3294 938 3390 affe
950 3316 1116 3385 nemun&
1140 3303 1180 3376 U
1195 3308 1399 3380 unusextnt

337 3424 405 3470 non
421 3402 502 3468 cadit
519 3403 557 3466 in
573 3414 691 3467 terram
701 3400 769 3493 fine
780 3402 947 3470 voluntate
960 3407 1066 3494 patris
1081 3399 1199 3496 vestri?
1231 3406 1329 3482 Non
1345 3404 1398 3499 est,

336 3513 379 3571 ut
402 3511 515 3590 puto,
550 3497 705 3569 criminis
725 3521 828 3593 agere
852 3499 1060 3590 aucupium
1095 3522 1217 3592 neque
1238 3509 1399 3582 venditio

335 3597 510 3693 passerum
530 3596 640 3669 habet
664 3601 815 3692 cuipam.
873 3594 922 3670 Et
948 3600 1046 3689 quod
1065 3601 1131 3672 ait:
1174 3602 1273 3676 Unus
1289 3610 1396 3680 exitis

334 3722 402 3769 non
418 3700 501 3769 cadit
508 3696 602 3792 super
620 3701 815 3792 terramfine
831 3698 1000 3770 voluntate
1010 3706 1114 3794 patris
1131 3702 1246 3797 vestri,
1276 3719 1394 3780 contro

335 3796 574 3889 apostolicum
598 3793 726 3868 dictum
743 3794 862 3871 facere
885 3796 1049 3889 videtur,
1085 3805 1184 3890 quod
1207 3804 1278 3878 ait:
1316 3809 1393 3879 Non

334 3894 386 3968 est
408 3895 588 3988 pecudum
604 3896 687 3968 Deo
708 3916 802 3971 cura.
863 3893 912 3969 Et
930 3893 1128 3970 'autoritati
1150 3898 1230 3993 ejus
1247 3909 1391 3980 multum

332 3996 577 4089 derogabitur,
603 3994 628 4066 fi
646 3994 781 4068 senfiffe
796 3998 912 4089 aliter,
939 4016 1043 4088 quam
1058 3999 1096 4069 in
1109 3997 1324 4099 Evangeliis
1338 4020 1392 4076 tra·

331 4094 447 4191 ditoni
464 4090 536 4173 est,
562 4087 773 4187 reperietur.
822 4095 907 4205 Nec
927 4096 1022 4170 enim
1036 4096 1389 4278 Apostolisdtginltnm

1272 4223 1347 4303 gni·
