<?xml version="1.0" encoding="UTF-8"?>
<!DOCTYPE html PUBLIC "-//W3C//DTD XHTML 1.0 Transitional//EN"
    "http://www.w3.org/TR/xhtml1/DTD/xhtml1-transitional.dtd">
<html xmlns="http://www.w3.org/1999/xhtml" xml:lang="en" lang="en">
 <head>
  <title>
</title>
<meta http-equiv="Content-Type" content="text/html;charset=utf-8" />
  <meta name='ocr-system' content='tesseract 3.04.00' />
  <meta name='ocr-capabilities' content='ocr_page ocr_carea ocr_par ocr_line ocrx_word'/>
</head>
<body>
  <div class='ocr_page' id='page_1' title='image "./operaomniasanct04librgoog_0211.png"; bbox 0 0 3317 4900; ppageno 0'>
   <div class='ocr_carea' id='block_1_1' title="bbox 320 409 1338 568">
    <p class='ocr_par' dir='ltr' id='par_1_1' title="bbox 320 409 1338 568">
     <span class='ocr_line' id='line_1_1' title="bbox 320 409 1338 568; baseline -0.007 -42"><span class='ocrx_word' id='word_1_1' title='bbox 320 561 323 568; x_wconf 28' lang='grc' dir='ltr'>Ι</span> <span class='ocrx_word' id='word_1_2' title='bbox 355 421 647 526; x_wconf 57' lang='lat' dir='ltr'><em>Tutienses</em></span> <span class='ocrx_word' id='word_1_3' title='bbox 672 435 722 514; x_wconf 72' lang='lat' dir='ltr'><em>aa</em></span> <span class='ocrx_word' id='word_1_4' title='bbox 746 429 1196 516; x_wconf 60' lang='lat' dir='ltr'><em>CXXXLPsannusaa</em></span> <span class='ocrx_word' id='word_1_5' title='bbox 1247 409 1338 520; x_wconf 58' lang='grc' dir='ltr'><em>ἐπ’</em></span> 
     </span>
    </p>
   </div>
   <div class='ocr_carea' id='block_1_2' title="bbox 459 719 1095 854">
    <p class='ocr_par' dir='ltr' id='par_1_2' title="bbox 459 682 1095 854">
     <span class='ocr_line' id='line_1_2' title="bbox 459 719 1095 854; baseline -0.003 -32"><span class='ocrx_word' id='word_1_6' title='bbox 459 719 860 854; x_wconf 65' lang='lat' dir='ltr'><em>&#39;Peninus</em></span> <span class='ocrx_word' id='word_1_7' title='bbox 912 737 1095 820; x_wconf 78' lang='lat' dir='ltr'><em>cxxxi.</em></span> 
     </span>
    </p>
   </div>
   <div class='ocr_carea' id='block_1_3' title="bbox 584 939 986 1038">
    <p class='ocr_par' dir='ltr' id='par_1_3' title="bbox 584 939 986 1038">
     <span class='ocr_line' id='line_1_3' title="bbox 584 939 986 1038; baseline 0.002 -22"><span class='ocrx_word' id='word_1_8' title='bbox 584 940 779 1017; x_wconf 55' lang='lat' dir='ltr'><em>&#39;Canticum</em></span> <span class='ocrx_word' id='word_1_9' title='bbox 803 939 986 1038; x_wconf 84' lang='lat' dir='ltr'><em>graduum.</em></span> 
     </span>
    </p>
   </div>
   <div class='ocr_carea' id='block_1_4' title="bbox 256 1088 1430 3297">
    <p class='ocr_par' dir='ltr' id='par_1_4' title="bbox 351 1088 1336 1194">
     <span class='ocr_line' id='line_1_4' title="bbox 351 1088 1336 1194; baseline -0.01 -23"><span class='ocrx_word' id='word_1_10' title='bbox 351 1113 472 1190; x_wconf 78' lang='lat' dir='ltr'><em>amento</em></span> <span class='ocrx_word' id='word_1_11' title='bbox 489 1095 636 1182; x_wconf 87' lang='lat' dir='ltr'><em>Domine,</em></span> <span class='ocrx_word' id='word_1_12' title='bbox 664 1093 788 1181; x_wconf 86' lang='lat' dir='ltr'><em>David,</em></span> <span class='ocrx_word' id='word_1_13' title='bbox 814 1089 853 1168; x_wconf 64' lang='lat' dir='ltr'><em>(b</em></span> <span class='ocrx_word' id='word_1_14' title='bbox 865 1095 966 1162; x_wconf 91' lang='lat' dir='ltr'><em>omnis</em></span> <span class='ocrx_word' id='word_1_15' title='bbox 980 1088 1336 1194; x_wconf 79' lang='lat' dir='ltr'><em>manfiestudinisejus..</em></span> 
     </span>
    </p>

    <p class='ocr_par' dir='ltr' id='par_1_5' title="bbox 256 1193 1430 3297">
     <span class='ocr_line' id='line_1_5' title="bbox 379 1193 1425 1297; baseline -0.007 -23"><span class='ocrx_word' id='word_1_16' title='bbox 379 1205 473 1274; x_wconf 88' lang='lat' dir='ltr'><em>Sicut</em></span> <span class='ocrx_word' id='word_1_17' title='bbox 478 1200 612 1297; x_wconf 85' lang='lat' dir='ltr'><em>juravit</em></span> <span class='ocrx_word' id='word_1_18' title='bbox 631 1199 779 1281; x_wconf 87' lang='lat' dir='ltr'><em>Domino,</em></span> <span class='ocrx_word' id='word_1_19' title='bbox 804 1207 915 1264; x_wconf 86' lang='lat' dir='ltr'><em>votum</em></span> <span class='ocrx_word' id='word_1_20' title='bbox 930 1196 1106 1264; x_wconf 81' lang='lat' dir='ltr'><em>vovitDeo</em></span> <span class='ocrx_word' id='word_1_21' title='bbox 1120 1196 1228 1290; x_wconf 76' lang='lat' dir='ltr'><em>Jacob.</em></span> <span class='ocrx_word' id='word_1_22' title='bbox 1279 1201 1325 1268; x_wconf 91' lang='lat' dir='ltr'><em>Si</em></span> <span class='ocrx_word' id='word_1_23' title='bbox 1421 1193 1425 1200; x_wconf 77' lang='grc'>’</span> 
     </span>
     <span class='ocr_line' id='line_1_6' title="bbox 259 1290 1404 1386; baseline -0.01 -8"><span class='ocrx_word' id='word_1_24' title='bbox 259 1306 387 1378; x_wconf 84' lang='lat' dir='ltr'><em>intrabo</em></span> <span class='ocrx_word' id='word_1_25' title='bbox 402 1304 439 1372; x_wconf 91' lang='lat' dir='ltr'><em>in</em></span> <span class='ocrx_word' id='word_1_26' title='bbox 457 1296 690 1371; x_wconf 75' lang='lat' dir='ltr'><em>tabernaculum</em></span> <span class='ocrx_word' id='word_1_27' title='bbox 705 1296 810 1365; x_wconf 63' lang='lat' dir='ltr'><em>mmet</em></span> <span class='ocrx_word' id='word_1_28' title='bbox 824 1314 913 1364; x_wconf 85' lang='lat' dir='ltr'><em>mea:</em></span> <span class='ocrx_word' id='word_1_29' title='bbox 931 1290 962 1386; x_wconf 78' lang='lat' dir='ltr'><em>fi</em></span> <span class='ocrx_word' id='word_1_30' title='bbox 977 1294 1132 1375; x_wconf 79' lang='lat' dir='ltr'><em>ascondita</em></span> <span class='ocrx_word' id='word_1_31' title='bbox 1149 1301 1187 1366; x_wconf 87' lang='lat' dir='ltr'><em>in</em></span> <span class='ocrx_word' id='word_1_32' title='bbox 1205 1294 1322 1368; x_wconf 75' lang='lat' dir='ltr'><em>bebium</em></span> <span class='ocrx_word' id='word_1_33' title='bbox 1402 1345 1404 1350; x_wconf 92' lang='lat'>-</span> 
     </span>
     <span class='ocr_line' id='line_1_7' title="bbox 256 1387 1404 1507; baseline -0.01 -28"><span class='ocrx_word' id='word_1_34' title='bbox 256 1408 379 1507; x_wconf 79' lang='lat' dir='ltr'><em>piratas</em></span> <span class='ocrx_word' id='word_1_35' title='bbox 399 1404 470 1475; x_wconf 86' lang='lat' dir='ltr'><em>mai.</em></span> <span class='ocrx_word' id='word_1_36' title='bbox 531 1400 572 1467; x_wconf 86' lang='lat' dir='ltr'><em>Si</em></span> <span class='ocrx_word' id='word_1_37' title='bbox 597 1394 855 1482; x_wconf 78' lang='lat' dir='ltr'><em>dederosomnum</em></span> <span class='ocrx_word' id='word_1_38' title='bbox 872 1393 1077 1482; x_wconf 70' lang='lat' dir='ltr'><em>audiencia,</em></span> <span class='ocrx_word' id='word_1_39' title='bbox 1112 1394 1325 1492; x_wconf 69' lang='lat' dir='ltr'><em>&amp;palpebris</em></span> <span class='ocrx_word' id='word_1_40' title='bbox 1396 1387 1404 1400; x_wconf 76' lang='grc'><em>’</em></span> 
     </span>
     <span class='ocr_line' id='line_1_8' title="bbox 262 1493 1423 1584; baseline -0.014 -5"><span class='ocrx_word' id='word_1_41' title='bbox 262 1512 340 1579; x_wconf 88' lang='lat' dir='ltr'><em>meis</em></span> <span class='ocrx_word' id='word_1_42' title='bbox 356 1502 629 1579; x_wconf 75' lang='lat' dir='ltr'><em>dormitationem,</em></span> <span class='ocrx_word' id='word_1_43' title='bbox 664 1493 757 1564; x_wconf 90' lang='lat' dir='ltr'><em>donee</em></span> <span class='ocrx_word' id='word_1_44' title='bbox 776 1496 944 1563; x_wconf 86' lang='lat' dir='ltr'><em>inveniam</em></span> <span class='ocrx_word' id='word_1_45' title='bbox 964 1494 1063 1564; x_wconf 84' lang='lat' dir='ltr'><em>docum</em></span> <span class='ocrx_word' id='word_1_46' title='bbox 1082 1498 1249 1584; x_wconf 63' lang='lat' dir='ltr'><em>Domino5</em></span> <span class='ocrx_word' id='word_1_47' title='bbox 1274 1515 1327 1570; x_wconf 76' lang='lat' dir='ltr'><em>ta..</em></span> <span class='ocrx_word' id='word_1_48' title='bbox 1420 1499 1423 1504; x_wconf 84' lang='lat'>&#39;</span> 
     </span>
     <span class='ocr_line' id='line_1_9' title="bbox 264 1592 1327 1691; baseline -0.018 -11"><span class='ocrx_word' id='word_1_49' title='bbox 264 1605 465 1680; x_wconf 85' lang='lat' dir='ltr'><em>bernacuium</em></span> <span class='ocrx_word' id='word_1_50' title='bbox 491 1602 560 1671; x_wconf 85' lang='lat' dir='ltr'><em>Deo</em></span> <span class='ocrx_word' id='word_1_51' title='bbox 585 1592 695 1691; x_wconf 81' lang='lat' dir='ltr'><em>Jacob.</em></span> <span class='ocrx_word' id='word_1_52' title='bbox 766 1595 838 1662; x_wconf 79' lang='lat' dir='ltr'><em>Fece</em></span> <span class='ocrx_word' id='word_1_53' title='bbox 854 1594 1035 1664; x_wconf 81' lang='lat' dir='ltr'><em>audivimus</em></span> <span class='ocrx_word' id='word_1_54' title='bbox 1054 1618 1120 1666; x_wconf 94' lang='lat' dir='ltr'><em>eam</em></span> <span class='ocrx_word' id='word_1_55' title='bbox 1140 1603 1179 1667; x_wconf 88' lang='lat' dir='ltr'><em>in</em></span> <span class='ocrx_word' id='word_1_56' title='bbox 1197 1599 1327 1689; x_wconf 80' lang='lat' dir='ltr'><em>prra.</em></span> 
     </span>
     <span class='ocr_line' id='line_1_10' title="bbox 265 1691 1326 1789; baseline -0.006 -11"><span class='ocrx_word' id='word_1_57' title='bbox 265 1726 350 1788; x_wconf 87' lang='lat' dir='ltr'><em>tom,</em></span> <span class='ocrx_word' id='word_1_58' title='bbox 386 1702 572 1774; x_wconf 80' lang='lat' dir='ltr'><em>invenimus</em></span> <span class='ocrx_word' id='word_1_59' title='bbox 586 1719 654 1765; x_wconf 89' lang='lat' dir='ltr'><em>eam</em></span> <span class='ocrx_word' id='word_1_60' title='bbox 668 1698 707 1763; x_wconf 90' lang='lat' dir='ltr'><em>in</em></span> <span class='ocrx_word' id='word_1_61' title='bbox 720 1695 835 1789; x_wconf 90' lang='lat' dir='ltr'><em>campis</em></span> <span class='ocrx_word' id='word_1_62' title='bbox 840 1691 940 1785; x_wconf 74' lang='lat' dir='ltr'><em>filma.</em></span> <span class='ocrx_word' id='word_1_63' title='bbox 1000 1696 1203 1767; x_wconf 77' lang='lat' dir='ltr'><em>intravimus</em></span> <span class='ocrx_word' id='word_1_64' title='bbox 1218 1704 1256 1768; x_wconf 88' lang='lat' dir='ltr'><em>in</em></span> <span class='ocrx_word' id='word_1_65' title='bbox 1277 1715 1326 1772; x_wconf 82' lang='lat' dir='ltr'><em>to·</em></span> 
     </span>
     <span class='ocr_line' id='line_1_11' title="bbox 267 1790 1406 1899; baseline -0.005 -20"><span class='ocrx_word' id='word_1_66' title='bbox 267 1805 437 1879; x_wconf 81' lang='lat' dir='ltr'><em>bernacuia</em></span> <span class='ocrx_word' id='word_1_67' title='bbox 452 1803 538 1899; x_wconf 81' lang='lat' dir='ltr'><em>ejus:</em></span> <span class='ocrx_word' id='word_1_68' title='bbox 563 1792 757 1867; x_wconf 79' lang='lat' dir='ltr'><em>adorabimus</em></span> <span class='ocrx_word' id='word_1_69' title='bbox 774 1796 812 1862; x_wconf 91' lang='lat' dir='ltr'><em>in</em></span> <span class='ocrx_word' id='word_1_70' title='bbox 825 1790 899 1877; x_wconf 85' lang='lat' dir='ltr'><em>baca,</em></span> <span class='ocrx_word' id='word_1_71' title='bbox 926 1790 1140 1886; x_wconf 77' lang='lat' dir='ltr'><em>ubifietarumt</em></span> <span class='ocrx_word' id='word_1_72' title='bbox 1150 1800 1334 1892; x_wconf 55' lang='lat' dir='ltr'><em>pedesep&#39;usa</em></span> <span class='ocrx_word' id='word_1_73' title='bbox 1401 1809 1406 1822; x_wconf 82' lang='grc'><strong>“</strong></span> 
     </span>
     <span class='ocr_line' id='line_1_12' title="bbox 268 1887 1330 1999; baseline -0.008 -25"><span class='ocrx_word' id='word_1_74' title='bbox 268 1911 369 1999; x_wconf 81' lang='lat' dir='ltr'><em>Surge</em></span> <span class='ocrx_word' id='word_1_75' title='bbox 384 1906 523 1978; x_wconf 86' lang='lat' dir='ltr'><em>Domine</em></span> <span class='ocrx_word' id='word_1_76' title='bbox 537 1902 575 1968; x_wconf 85' lang='lat' dir='ltr'><em>in</em></span> <span class='ocrx_word' id='word_1_77' title='bbox 589 1900 723 1992; x_wconf 83' lang='lat' dir='ltr'><em>requiem</em></span> <span class='ocrx_word' id='word_1_78' title='bbox 738 1909 851 1984; x_wconf 85' lang='lat' dir='ltr'><em>tuom,</em></span> <span class='ocrx_word' id='word_1_79' title='bbox 877 1906 914 1961; x_wconf 86' lang='lat' dir='ltr'><em>tot</em></span> <span class='ocrx_word' id='word_1_80' title='bbox 928 1887 968 1967; x_wconf 53' lang='grc' dir='ltr'><em>(ὅ</em></span> <span class='ocrx_word' id='word_1_81' title='bbox 981 1917 1055 1963; x_wconf 87' lang='lat' dir='ltr'><em>orco</em></span> <span class='ocrx_word' id='word_1_82' title='bbox 1063 1894 1330 1985; x_wconf 74' lang='lat' dir='ltr'><em>fhnibifieationis</em></span> 
     </span>
     <span class='ocr_line' id='line_1_13' title="bbox 267 1991 1332 2090; baseline -0.021 -11"><span class='ocrx_word' id='word_1_83' title='bbox 267 2023 342 2080; x_wconf 83' lang='lat' dir='ltr'><em>tua.</em></span> <span class='ocrx_word' id='word_1_84' title='bbox 395 2001 574 2074; x_wconf 79' lang='lat' dir='ltr'><em>Sacerdotes</em></span> <span class='ocrx_word' id='word_1_85' title='bbox 588 2012 638 2067; x_wconf 83' lang='lat' dir='ltr'><em>tua</em></span> <span class='ocrx_word' id='word_1_86' title='bbox 652 1995 831 2065; x_wconf 85' lang='lat' dir='ltr'><em>induantur</em></span> <span class='ocrx_word' id='word_1_87' title='bbox 841 1991 1018 2090; x_wconf 68' lang='lat' dir='ltr'><em>justitiam,</em></span> <span class='ocrx_word' id='word_1_88' title='bbox 1043 1991 1083 2069; x_wconf 68' lang='lat' dir='ltr'><em>U</em></span> <span class='ocrx_word' id='word_1_89' title='bbox 1095 1996 1199 2080; x_wconf 73' lang='lat' dir='ltr'><em>[anibi</em></span> <span class='ocrx_word' id='word_1_90' title='bbox 1215 2004 1266 2068; x_wconf 87' lang='lat' dir='ltr'><em>tui</em></span> <span class='ocrx_word' id='word_1_91' title='bbox 1276 2025 1332 2070; x_wconf 79' lang='lat' dir='ltr'><em>ax.</em></span> 
     </span>
     <span class='ocr_line' id='line_1_14' title="bbox 267 2095 1338 2194; baseline -0.007 -18"><span class='ocrx_word' id='word_1_92' title='bbox 267 2108 391 2177; x_wconf 85' lang='lat' dir='ltr'><em>uitant.</em></span> <span class='ocrx_word' id='word_1_93' title='bbox 444 2102 575 2194; x_wconf 79' lang='lat' dir='ltr'><em>Propter</em></span> <span class='ocrx_word' id='word_1_94' title='bbox 596 2096 708 2165; x_wconf 86' lang='lat' dir='ltr'><em>David</em></span> <span class='ocrx_word' id='word_1_95' title='bbox 716 2095 847 2182; x_wconf 84' lang='lat' dir='ltr'><em>servum</em></span> <span class='ocrx_word' id='word_1_96' title='bbox 863 2110 967 2180; x_wconf 84' lang='lat' dir='ltr'><em>tuum,</em></span> <span class='ocrx_word' id='word_1_97' title='bbox 992 2116 1058 2162; x_wconf 90' lang='lat' dir='ltr'><em>non</em></span> <span class='ocrx_word' id='word_1_98' title='bbox 1075 2113 1205 2166; x_wconf 87' lang='lat' dir='ltr'><em>avertas</em></span> <span class='ocrx_word' id='word_1_99' title='bbox 1210 2098 1338 2190; x_wconf 71' lang='lat' dir='ltr'><em>faciant¹</em></span> 
     </span>
     <span class='ocr_line' id='line_1_15' title="bbox 273 2191 1400 2296; baseline -0.012 -22"><span class='ocrx_word' id='word_1_100' title='bbox 273 2202 398 2296; x_wconf 74' lang='lat' dir='ltr'><em>Cisra&#39;pii</em></span> <span class='ocrx_word' id='word_1_101' title='bbox 418 2204 471 2272; x_wconf 84' lang='lat' dir='ltr'><em>tui</em></span> <span class='ocrx_word' id='word_1_102' title='bbox 482 2224 494 2267; x_wconf 90' lang='lat'><em>.·</em></span> <span class='ocrx_word' id='word_1_103' title='bbox 509 2198 671 2292; x_wconf 75' lang='lat' dir='ltr'><em>=Juravit</em></span> <span class='ocrx_word' id='word_1_104' title='bbox 689 2197 847 2265; x_wconf 88' lang='lat' dir='ltr'><em>Dominus</em></span> <span class='ocrx_word' id='word_1_105' title='bbox 865 2193 977 2264; x_wconf 87' lang='lat' dir='ltr'><em>David</em></span> <span class='ocrx_word' id='word_1_106' title='bbox 994 2196 1175 2282; x_wconf 83' lang='lat' dir='ltr'><em>veritatem,</em></span> <span class='ocrx_word' id='word_1_107' title='bbox 1202 2198 1241 2273; x_wconf 71' lang='lat'><em>(5</em></span> <span class='ocrx_word' id='word_1_108' title='bbox 1263 2191 1345 2269; x_wconf 83' lang='lat' dir='ltr'><em>non¹</em></span> <span class='ocrx_word' id='word_1_109' title='bbox 1395 2249 1400 2260; x_wconf 85' lang='lat'>.</span> 
     </span>
     <span class='ocr_line' id='line_1_16' title="bbox 265 2290 1334 2400; baseline -0.006 -26"><span class='ocrx_word' id='word_1_110' title='bbox 265 2301 482 2400; x_wconf 68' lang='lat' dir='ltr'><em>frustrabitur</em></span> <span class='ocrx_word' id='word_1_111' title='bbox 498 2317 585 2372; x_wconf 84' lang='lat' dir='ltr'><em>eum:</em></span> <span class='ocrx_word' id='word_1_112' title='bbox 613 2290 785 2382; x_wconf 70' lang='lat' dir='ltr'><em>Defruiiu</em></span> <span class='ocrx_word' id='word_1_113' title='bbox 803 2299 930 2364; x_wconf 85' lang='lat' dir='ltr'><em>ventris</em></span> <span class='ocrx_word' id='word_1_114' title='bbox 949 2298 1000 2364; x_wconf 87' lang='lat' dir='ltr'><em>tui</em></span> <span class='ocrx_word' id='word_1_115' title='bbox 1009 2314 1122 2388; x_wconf 90' lang='lat' dir='ltr'><em>ponam</em></span> <span class='ocrx_word' id='word_1_116' title='bbox 1131 2293 1222 2393; x_wconf 72' lang='lat' dir='ltr'><em>fieper</em></span> <span class='ocrx_word' id='word_1_117' title='bbox 1235 2298 1334 2384; x_wconf 76' lang='lat' dir='ltr'><em>sedem</em></span> 
     </span>
     <span class='ocr_line' id='line_1_17' title="bbox 270 2393 1334 2493; baseline -0.011 -15"><span class='ocrx_word' id='word_1_118' title='bbox 270 2421 371 2479; x_wconf 88' lang='lat' dir='ltr'><em>tuam.</em></span> <span class='ocrx_word' id='word_1_119' title='bbox 423 2403 463 2473; x_wconf 86' lang='lat' dir='ltr'><em>Si</em></span> <span class='ocrx_word' id='word_1_120' title='bbox 478 2397 676 2493; x_wconf 84' lang='lat' dir='ltr'><em>cuflodierint</em></span> <span class='ocrx_word' id='word_1_121' title='bbox 684 2393 756 2484; x_wconf 77' lang='lat' dir='ltr'><em>fitia·</em></span> <span class='ocrx_word' id='word_1_122' title='bbox 768 2397 822 2463; x_wconf 88' lang='lat' dir='ltr'><em>tui</em></span> <span class='ocrx_word' id='word_1_123' title='bbox 842 2394 1057 2489; x_wconf 70' lang='lat' dir='ltr'><em>testamentum</em></span> <span class='ocrx_word' id='word_1_124' title='bbox 1074 2419 1195 2485; x_wconf 83' lang='lat' dir='ltr'><em>mcum,</em></span> <span class='ocrx_word' id='word_1_125' title='bbox 1227 2399 1269 2474; x_wconf 54' lang='lat' dir='ltr'><em>(a,</em></span> <span class='ocrx_word' id='word_1_126' title='bbox 1287 2414 1334 2470; x_wconf 85' lang='lat' dir='ltr'><em>te·</em></span> 
     </span>
     <span class='ocr_line' id='line_1_18' title="bbox 264 2492 1336 2605; baseline -0.003 -30"><span class='ocrx_word' id='word_1_127' title='bbox 264 2506 417 2605; x_wconf 75' lang='lat' dir='ltr'><em>fiimania</em></span> <span class='ocrx_word' id='word_1_128' title='bbox 431 2525 497 2571; x_wconf 88' lang='lat' dir='ltr'><em>mea</em></span> <span class='ocrx_word' id='word_1_129' title='bbox 509 2499 591 2582; x_wconf 85' lang='lat' dir='ltr'><em>bae,</em></span> <span class='ocrx_word' id='word_1_130' title='bbox 625 2518 692 2591; x_wconf 80' lang='lat' dir='ltr'><em>qua</em></span> <span class='ocrx_word' id='word_1_131' title='bbox 704 2492 806 2564; x_wconf 83' lang='lat' dir='ltr'><em>docebo</em></span> <span class='ocrx_word' id='word_1_132' title='bbox 823 2516 892 2581; x_wconf 86' lang='lat' dir='ltr'><em>eos;</em></span> <span class='ocrx_word' id='word_1_133' title='bbox 921 2493 960 2571; x_wconf 70' lang='lat' dir='ltr'><em>di</em></span> <span class='ocrx_word' id='word_1_134' title='bbox 970 2496 1041 2584; x_wconf 83' lang='lat' dir='ltr'><em>filii</em></span> <span class='ocrx_word' id='word_1_135' title='bbox 1056 2521 1160 2569; x_wconf 87' lang='lat' dir='ltr'><em>aarum</em></span> <span class='ocrx_word' id='word_1_136' title='bbox 1181 2505 1336 2597; x_wconf 82' lang='lat' dir='ltr'><em>usquein</em></span> 
     </span>
     <span class='ocr_line' id='line_1_19' title="bbox 266 2595 1337 2698; baseline -0.006 -23"><span class='ocrx_word' id='word_1_137' title='bbox 266 2607 406 2698; x_wconf 76' lang='lat' dir='ltr'><em>secudum</em></span> <span class='ocrx_word' id='word_1_138' title='bbox 421 2599 570 2690; x_wconf 80' lang='lat' dir='ltr'><em>sedebunt</em></span> <span class='ocrx_word' id='word_1_139' title='bbox 583 2595 677 2691; x_wconf 85' lang='lat' dir='ltr'><em>super</em></span> <span class='ocrx_word' id='word_1_140' title='bbox 691 2596 790 2683; x_wconf 81' lang='lat' dir='ltr'><em>sedem</em></span> <span class='ocrx_word' id='word_1_141' title='bbox 807 2610 917 2664; x_wconf 81' lang='lat' dir='ltr'><em>tuam:</em></span> <span class='ocrx_word' id='word_1_142' title='bbox 941 2601 1090 2693; x_wconf 81' lang='lat' dir='ltr'><em>quoniam</em></span> <span class='ocrx_word' id='word_1_143' title='bbox 1111 2600 1202 2691; x_wconf 81' lang='lat' dir='ltr'><em>elegit</em></span> <span class='ocrx_word' id='word_1_144' title='bbox 1222 2605 1337 2671; x_wconf 86' lang='lat' dir='ltr'><em>Domi·</em></span> 
     </span>
     <span class='ocr_line' id='line_1_20' title="bbox 274 2693 1430 2798; baseline -0.002 -23"><span class='ocrx_word' id='word_1_145' title='bbox 274 2730 338 2777; x_wconf 90' lang='lat' dir='ltr'><em>nus</em></span> <span class='ocrx_word' id='word_1_146' title='bbox 353 2705 460 2787; x_wconf 86' lang='lat' dir='ltr'><em>Sion,¹</em></span> <span class='ocrx_word' id='word_1_147' title='bbox 478 2698 616 2792; x_wconf 71' lang='lat' dir='ltr'><em>praelegit</em></span> <span class='ocrx_word' id='word_1_148' title='bbox 631 2719 697 2765; x_wconf 90' lang='lat' dir='ltr'><em>eam</em></span> <span class='ocrx_word' id='word_1_149' title='bbox 714 2702 751 2763; x_wconf 85' lang='lat' dir='ltr'><em>in</em></span> <span class='ocrx_word' id='word_1_150' title='bbox 767 2693 994 2766; x_wconf 81' lang='lat' dir='ltr'><em>habitat-ionem</em></span> <span class='ocrx_word' id='word_1_151' title='bbox 1002 2697 1074 2792; x_wconf 75' lang='lat' dir='ltr'><em>fibi.</em></span> <span class='ocrx_word' id='word_1_152' title='bbox 1128 2703 1202 2770; x_wconf 86' lang='lat' dir='ltr'><em>Hac</em></span> <span class='ocrx_word' id='word_1_153' title='bbox 1214 2705 1337 2798; x_wconf 82' lang='lat' dir='ltr'><em>sequier</em></span> <span class='ocrx_word' id='word_1_154' title='bbox 1426 2694 1430 2701; x_wconf 70' lang='grc'><strong>’</strong></span> 
     </span>
     <span class='ocr_line' id='line_1_21' title="bbox 274 2793 1337 2894; baseline -0.002 -19"><span class='ocrx_word' id='word_1_155' title='bbox 274 2828 343 2875; x_wconf 87' lang='lat' dir='ltr'><em>mea</em></span> <span class='ocrx_word' id='word_1_156' title='bbox 360 2807 397 2871; x_wconf 90' lang='lat' dir='ltr'><em>in</em></span> <span class='ocrx_word' id='word_1_157' title='bbox 411 2797 549 2888; x_wconf 85' lang='lat' dir='ltr'><em>seculum</em></span> <span class='ocrx_word' id='word_1_158' title='bbox 558 2795 656 2884; x_wconf 78' lang='lat' dir='ltr'><em>fraudi</em></span> <span class='ocrx_word' id='word_1_159' title='bbox 662 2820 673 2863; x_wconf 93' lang='grc'><em>.·</em></span> <span class='ocrx_word' id='word_1_160' title='bbox 696 2797 748 2864; x_wconf 85' lang='lat' dir='ltr'><em>bio</em></span> <span class='ocrx_word' id='word_1_161' title='bbox 762 2793 920 2881; x_wconf 80' lang='lat' dir='ltr'><em>habitabo,</em></span> <span class='ocrx_word' id='word_1_162' title='bbox 946 2801 1094 2892; x_wconf 79' lang='lat' dir='ltr'><em>quoniam</em></span> <span class='ocrx_word' id='word_1_163' title='bbox 1110 2802 1248 2894; x_wconf 79' lang='lat' dir='ltr'><em>praelegi</em></span> <span class='ocrx_word' id='word_1_164' title='bbox 1258 2824 1337 2873; x_wconf 89' lang='lat' dir='ltr'><em>eam.</em></span> 
     </span>
     <span class='ocr_line' id='line_1_22' title="bbox 282 2895 1339 2995; baseline -0.002 -20"><span class='ocrx_word' id='word_1_165' title='bbox 282 2906 418 2979; x_wconf 84' lang='lat' dir='ltr'><em>Viduam</em></span> <span class='ocrx_word' id='word_1_166' title='bbox 442 2903 510 2994; x_wconf 80' lang='lat' dir='ltr'><em>ejus</em></span> <span class='ocrx_word' id='word_1_167' title='bbox 525 2896 702 2968; x_wconf 86' lang='lat' dir='ltr'><em>benedicens</em></span> <span class='ocrx_word' id='word_1_168' title='bbox 718 2895 911 2966; x_wconf 84' lang='lat' dir='ltr'><em>benedicam:</em></span> <span class='ocrx_word' id='word_1_169' title='bbox 944 2917 1091 2993; x_wconf 84' lang='lat' dir='ltr'><em>pauperes</em></span> <span class='ocrx_word' id='word_1_170' title='bbox 1110 2903 1177 2995; x_wconf 80' lang='lat' dir='ltr'><em>ejus</em></span> <span class='ocrx_word' id='word_1_171' title='bbox 1187 2901 1339 2990; x_wconf 77' lang='lat' dir='ltr'><em>ficturabo</em></span> 
     </span>
     <span class='ocr_line' id='line_1_23' title="bbox 274 2996 1340 3102; baseline -0.002 -27"><span class='ocrx_word' id='word_1_172' title='bbox 274 3002 420 3102; x_wconf 90' lang='lat' dir='ltr'><em>panibus.</em></span> <span class='ocrx_word' id='word_1_173' title='bbox 471 2997 650 3070; x_wconf 85' lang='lat' dir='ltr'><em>Sacerdotes</em></span> <span class='ocrx_word' id='word_1_174' title='bbox 671 2996 1057 3091; x_wconf 80' lang='lat' dir='ltr'><em>ajusinduamsabutari:</em></span> <span class='ocrx_word' id='word_1_175' title='bbox 1089 2998 1128 3075; x_wconf 69' lang='lat' dir='ltr'><strong>U</strong></span> <span class='ocrx_word' id='word_1_176' title='bbox 1146 2999 1251 3087; x_wconf 74' lang='lat' dir='ltr'><em>[auiii</em></span> <span class='ocrx_word' id='word_1_177' title='bbox 1270 3006 1340 3099; x_wconf 77' lang='lat' dir='ltr'><em>ejus</em></span> 
     </span>
     <span class='ocr_line' id='line_1_24' title="bbox 279 3096 1389 3199; baseline -0.001 -24"><span class='ocrx_word' id='word_1_178' title='bbox 279 3105 476 3176; x_wconf 79' lang='lat' dir='ltr'><em>exultatione</em></span> <span class='ocrx_word' id='word_1_179' title='bbox 490 3096 692 3171; x_wconf 77' lang='lat' dir='ltr'><em>exultabunt.</em></span> <span class='ocrx_word' id='word_1_180' title='bbox 746 3097 823 3167; x_wconf 85' lang='lat' dir='ltr'><em>Iduc</em></span> <span class='ocrx_word' id='word_1_181' title='bbox 836 3099 1000 3192; x_wconf 87' lang='lat' dir='ltr'><em>producam</em></span> <span class='ocrx_word' id='word_1_182' title='bbox 1011 3122 1108 3170; x_wconf 89' lang='lat' dir='ltr'><em>cornu</em></span> <span class='ocrx_word' id='word_1_183' title='bbox 1132 3105 1261 3174; x_wconf 83' lang='lat' dir='ltr'><em>David.-</em></span> <span class='ocrx_word' id='word_1_184' title='bbox 1283 3123 1340 3199; x_wconf 89' lang='lat' dir='ltr'><em>pa·</em></span> <span class='ocrx_word' id='word_1_185' title='bbox 1382 3167 1389 3177; x_wconf 88' lang='lat'><strong>.</strong></span> 
     </span>
     <span class='ocr_line' id='line_1_25' title="bbox 269 3196 1341 3297; baseline -0.004 -20"><span class='ocrx_word' id='word_1_186' title='bbox 269 3207 356 3293; x_wconf 67' lang='lat' dir='ltr'><em>‚ravi</em></span> <span class='ocrx_word' id='word_1_187' title='bbox 371 3204 532 3273; x_wconf 80' lang='lat' dir='ltr'><em>lucarnam</em></span> <span class='ocrx_word' id='word_1_188' title='bbox 552 3196 674 3292; x_wconf 72' lang='lat' dir='ltr'><em>Cbripio</em></span> <span class='ocrx_word' id='word_1_189' title='bbox 695 3218 769 3270; x_wconf 89' lang='lat' dir='ltr'><em>meo.</em></span> <span class='ocrx_word' id='word_1_190' title='bbox 822 3198 970 3267; x_wconf 85' lang='lat' dir='ltr'><em>inimicas</em></span> <span class='ocrx_word' id='word_1_191' title='bbox 989 3222 1067 3270; x_wconf 84' lang='lat' dir='ltr'><em>meos</em></span> <span class='ocrx_word' id='word_1_192' title='bbox 1084 3204 1214 3274; x_wconf 82' lang='lat' dir='ltr'><em>induam</em></span> <span class='ocrx_word' id='word_1_193' title='bbox 1231 3202 1341 3297; x_wconf 74' lang='lat' dir='ltr'><em>consu·</em></span> 
     </span>
    </p>
   </div>
   <div class='ocr_carea' id='block_1_5' title="bbox 278 3294 1197 3400">
    <p class='ocr_par' dir='ltr' id='par_1_6' title="bbox 278 3294 1197 3400">
     <span class='ocr_line' id='line_1_26' title="bbox 278 3294 1197 3400; baseline 0.001 -25"><span class='ocrx_word' id='word_1_194' title='bbox 278 3305 410 3400; x_wconf 72' lang='lat' dir='ltr'><em>fioncme</em></span> <span class='ocrx_word' id='word_1_195' title='bbox 431 3299 523 3398; x_wconf 79' lang='lat' dir='ltr'><em>[uper</em></span> <span class='ocrx_word' id='word_1_196' title='bbox 538 3298 636 3392; x_wconf 81' lang='lat' dir='ltr'><em>ipsum</em></span> <span class='ocrx_word' id='word_1_197' title='bbox 654 3314 758 3367; x_wconf 85' lang='lat' dir='ltr'><em>autam</em></span> <span class='ocrx_word' id='word_1_198' title='bbox 765 3294 882 3392; x_wconf 78' lang='lat' dir='ltr'><em>floreat</em></span> <span class='ocrx_word' id='word_1_199' title='bbox 893 3297 1107 3389; x_wconf 76' lang='lat' dir='ltr'><em>saniis&#39;fioatio</em></span> <span class='ocrx_word' id='word_1_200' title='bbox 1120 3328 1197 3376; x_wconf 91' lang='lat' dir='ltr'><em>mea.</em></span> 
     </span>
    </p>
   </div>
   <div class='ocr_carea' id='block_1_6' title="bbox 504 3452 1120 3538">
    <p class='ocr_par' dir='ltr' id='par_1_7' title="bbox 504 3452 1120 3538">
     <span class='ocr_line' id='line_1_27' title="bbox 504 3452 1120 3538; baseline 0.006 -5"><span class='ocrx_word' id='word_1_201' title='bbox 504 3452 866 3533; x_wconf 85' lang='lat' dir='ltr'>TRACTATUS</span> <span class='ocrx_word' id='word_1_202' title='bbox 897 3455 1120 3538; x_wconf 81' lang='lat' dir='ltr'>PSALML</span> 
     </span>
    </p>
   </div>
   <div class='ocr_carea' id='block_1_7' title="bbox 282 3595 1351 4199">
    <p class='ocr_par' dir='ltr' id='par_1_8' title="bbox 285 3595 1348 3696">
     <span class='ocr_line' id='line_1_28' title="bbox 285 3595 1348 3696; baseline -0.002 -18"><span class='ocrx_word' id='word_1_203' title='bbox 285 3624 321 3679; x_wconf 89' lang='lat'><em>1.</em></span> <span class='ocrx_word' id='word_1_204' title='bbox 418 3620 519 3673; x_wconf 88' lang='lat' dir='ltr'><em>mnes</em></span> <span class='ocrx_word' id='word_1_205' title='bbox 531 3596 674 3691; x_wconf 86' lang='lat' dir='ltr'><em>quidem</em></span> <span class='ocrx_word' id='word_1_206' title='bbox 690 3597 889 3669; x_wconf 85' lang='lat' dir='ltr'><em>anteriores</em></span> <span class='ocrx_word' id='word_1_207' title='bbox 902 3595 1023 3673; x_wconf 85' lang='lat' dir='ltr'><em>Psalmi</em></span> <span class='ocrx_word' id='word_1_208' title='bbox 1033 3602 1202 3696; x_wconf 82' lang='lat' dir='ltr'><em>graduum</em></span> <span class='ocrx_word' id='word_1_209' title='bbox 1214 3604 1348 3696; x_wconf 71' lang='lat' dir='ltr'><em>inpro-</em></span> 
     </span>
    </p>

    <p class='ocr_par' dir='ltr' id='par_1_9' title="bbox 282 3694 1351 4199">
     <span class='ocr_line' id='line_1_29' title="bbox 445 3694 1347 3795; baseline 0.003 -24"><span class='ocrx_word' id='word_1_210' title='bbox 445 3698 575 3783; x_wconf 77' lang='lat' dir='ltr'><em>ieiium</em></span> <span class='ocrx_word' id='word_1_211' title='bbox 592 3719 660 3770; x_wconf 85' lang='lat' dir='ltr'><em>nos</em></span> <span class='ocrx_word' id='word_1_212' title='bbox 677 3694 748 3790; x_wconf 87' lang='lat' dir='ltr'><em>spei</em></span> <span class='ocrx_word' id='word_1_213' title='bbox 765 3697 921 3770; x_wconf 75' lang='lat' dir='ltr'><em>celsioris</em></span> <span class='ocrx_word' id='word_1_214' title='bbox 936 3703 1136 3774; x_wconf 84' lang='lat' dir='ltr'><em>extollunt:</em></span> <span class='ocrx_word' id='word_1_215' title='bbox 1163 3704 1271 3795; x_wconf 82' lang='lat' dir='ltr'><em>&amp;per</em></span> <span class='ocrx_word' id='word_1_216' title='bbox 1281 3702 1347 3793; x_wconf 82' lang='lat' dir='ltr'><em>do·</em></span> 
     </span>
     <span class='ocr_line' id='line_1_30' title="bbox 283 3795 1347 3896; baseline -0.002 -19"><span class='ocrx_word' id='word_1_217' title='bbox 283 3800 431 3877; x_wconf 76' lang='lat' dir='ltr'><em>iirinom</em></span> <span class='ocrx_word' id='word_1_218' title='bbox 451 3795 556 3888; x_wconf 86' lang='lat' dir='ltr'><em>fidei,</em></span> <span class='ocrx_word' id='word_1_219' title='bbox 582 3796 673 3889; x_wconf 87' lang='lat' dir='ltr'><em>spei,</em></span> <span class='ocrx_word' id='word_1_220' title='bbox 700 3796 944 3891; x_wconf 82' lang='lat' dir='ltr'><em>confeffionis,</em></span> <span class='ocrx_word' id='word_1_221' title='bbox 970 3801 1192 3895; x_wconf 85' lang='lat' dir='ltr'><em>humilitatis,</em></span> <span class='ocrx_word' id='word_1_222' title='bbox 1219 3822 1347 3896; x_wconf 79' lang='lat' dir='ltr'><em>opera·</em></span> 
     </span>
     <span class='ocr_line' id='line_1_31' title="bbox 282 3895 1350 3992; baseline -0.002 -16"><span class='ocrx_word' id='word_1_223' title='bbox 282 3903 396 3977; x_wconf 85' lang='lat' dir='ltr'><em>tionis</em></span> <span class='ocrx_word' id='word_1_224' title='bbox 421 3899 458 3970; x_wconf 88' lang='lat' dir='ltr'><em>in</em></span> <span class='ocrx_word' id='word_1_225' title='bbox 484 3895 629 3969; x_wconf 84' lang='lat' dir='ltr'><em>sublime</em></span> <span class='ocrx_word' id='word_1_226' title='bbox 644 3896 809 3992; x_wconf 82' lang='lat' dir='ltr'><em>gradibus</em></span> <span class='ocrx_word' id='word_1_227' title='bbox 827 3896 895 3970; x_wconf 85' lang='lat' dir='ltr'><em>suis</em></span> <span class='ocrx_word' id='word_1_228' title='bbox 913 3901 1134 3990; x_wconf 88' lang='lat' dir='ltr'><em>provehunt.</em></span> <span class='ocrx_word' id='word_1_229' title='bbox 1200 3904 1270 3975; x_wconf 87' lang='lat' dir='ltr'><em>Sed</em></span> <span class='ocrx_word' id='word_1_230' title='bbox 1287 3903 1350 3976; x_wconf 83' lang='lat' dir='ltr'><em>hic</em></span> 
     </span>
     <span class='ocr_line' id='line_1_32' title="bbox 283 3992 1350 4097; baseline -0.002 -24"><span class='ocrx_word' id='word_1_231' title='bbox 283 4002 466 4097; x_wconf 78' lang='lat' dir='ltr'><em>praecipue</em></span> <span class='ocrx_word' id='word_1_232' title='bbox 485 3992 639 4069; x_wconf 84' lang='lat' dir='ltr'><em>Psaimus</em></span> <span class='ocrx_word' id='word_1_233' title='bbox 658 4017 726 4068; x_wconf 82' lang='lat' dir='ltr'><em>nos</em></span> <span class='ocrx_word' id='word_1_234' title='bbox 751 3995 793 4068; x_wconf 82' lang='lat' dir='ltr'><em>od</em></span> <span class='ocrx_word' id='word_1_235' title='bbox 814 4001 1061 4093; x_wconf 84' lang='lat' dir='ltr'><em>cognitionem</em></span> <span class='ocrx_word' id='word_1_236' title='bbox 1087 3998 1147 4072; x_wconf 88' lang='lat' dir='ltr'><em>filii</em></span> <span class='ocrx_word' id='word_1_237' title='bbox 1168 4002 1237 4076; x_wconf 89' lang='lat' dir='ltr'><em>Dei</em></span> <span class='ocrx_word' id='word_1_238' title='bbox 1260 4003 1350 4080; x_wconf 83' lang='lat' dir='ltr'><em>edo·</em></span> 
     </span>
     <span class='ocr_line' id='line_1_33' title="bbox 288 4091 1351 4199; baseline -0.004 -23"><span class='ocrx_word' id='word_1_239' title='bbox 288 4115 363 4199; x_wconf 84' lang='lat' dir='ltr'><em>cet,</em></span> <span class='ocrx_word' id='word_1_240' title='bbox 386 4097 651 4175; x_wconf 80' lang='lat' dir='ltr'><em>&amp;sacramento</em></span> <span class='ocrx_word' id='word_1_241' title='bbox 661 4091 864 4173; x_wconf 80' lang='lat' dir='ltr'><em>affumtaeab</em></span> <span class='ocrx_word' id='word_1_242' title='bbox 874 4118 921 4173; x_wconf 88' lang='lat' dir='ltr'><em>eo</em></span> <span class='ocrx_word' id='word_1_243' title='bbox 931 4099 1045 4173; x_wconf 86' lang='lat' dir='ltr'><em>carnis</em></span> <span class='ocrx_word' id='word_1_244' title='bbox 1054 4099 1217 4183; x_wconf 81' lang='lat' dir='ltr'><em>institnit.</em></span> <span class='ocrx_word' id='word_1_245' title='bbox 1269 4100 1351 4173; x_wconf 83' lang='lat' dir='ltr'><em>Coe·</em></span> 
     </span>
    </p>
   </div>
   <div class='ocr_carea' id='block_1_8' title="bbox 1245 4207 1300 4297">
    <p class='ocr_par' dir='ltr' id='par_1_10' title="bbox 1245 4207 1300 4297">
     <span class='ocr_line' id='line_1_34' title="bbox 1245 4207 1300 4297; baseline 0 -23"><span class='ocrx_word' id='word_1_246' title='bbox 1245 4207 1300 4297; x_wconf 80' lang='lat' dir='ltr'><em>pit</em></span> 
     </span>
    </p>
   </div>
   <div class='ocr_carea' id='block_1_9' title="bbox 0 0 1706 4900">
    <p class='ocr_par' dir='ltr' id='par_1_11' title="bbox 0 0 1706 4900">
     <span class='ocr_line' id='line_1_35' title="bbox 0 0 1706 4900; baseline 0 0"><span class='ocrx_word' id='word_1_247' title='bbox 0 0 1706 4900; x_wconf 95' lang='lat' dir='ltr'><em> </em></span> 
     </span>
    </p>
   </div>
  </div>
 </body>
</html>
