3317 4900
349 361 804 554 *corruente-crue
837 445 889 502 ur
921 359 1191 540 Munncort.
1266 441 1337 533 cu

272 593 436 690 Christo,
461 593 522 688 qui
541 603 620 666 non
637 609 781 664 crucem
802 587 912 672 suam,
937 587 975 662 in
998 607 1068 680 quc
1082 585 1339 681 compatimur,

273 694 552 785 commorimur,
586 688 872 784 consepelimur,
899 687 1212 783 conresurgimus,
1245 688 1340 760 accl-

272 806 377 898 piens
393 793 594 870 Dominum
609 789 652 864 lit
667 788 830 884 secutus,
863 790 903 874 in
919 787 993 862 hoc
1007 785 1232 862 sacramento
1250 780 1339 862 fidei

272 899 415 999 spiritus
434 894 603 970 novitate
620 887 791 963 maurus.

378 999 435 1074 26,
461 994 533 1086 Qui
562 993 728 1062 invenerit
753 992 894 1059 animem
908 985 1023 1077 soom,
1048 987 1158 1086 perdet
1170 985 1274 1079 idom,
1298 980 1339 1061 6

272 1103 333 1274 ppei
361 1095 533 1193 perdiderit
563 1095 704 1164 ortimom
721 1087 814 1178 suom
830 1103 962 1185 propter
985 1110 1051 1168 me,
1090 1091 1238 1158 inveniet
1259 1109 1338 1160 eom.

316 1197 392 1272 erbi
409 1193 547 1268 scilicet
559 1187 764 1285 potestate,
801 1187 1019 1262 &veterum
1041 1183 1217 1262 divisione
1231 1186 1343 1258 vitio·

274 1318 369 1388 rum,
396 1288 567 1389 proficiet
579 1291 718 1362 lucrum
733 1289 859 1361 anime
873 1289 911 1360 in
926 1301 1097 1377 mortem,
1125 1286 1342 1364 &damnum

275 1400 317 1474 in
340 1393 499 1470 salutem.
554 1386 654 1484 Ergo
679 1386 897 1481 suscipienda
919 1407 1016 1459 mors
1041 1384 1093 1461 est
1112 1388 1150 1460 in
1170 1388 1341 1460 novitate

275 1498 387 1588 vitu,
419 1491 454 1569 dt
474 1491 571 1564 cruci
589 1489 741 1563 Domini
756 1483 972 1581 configenda
988 1483 1069 1560 sunt
1082 1487 1193 1562 vitia:-
1228 1485 1262 1559 ἀ
1282 1483 1341 1560 cd·

276 1588 682 1687 versus'persequentes,
708 1601 899 1665 contemtu
909 1585 1149 1680 presentium,
1174 1583 1341 1683 glorioso

277 1692 512 1770 conleffionit
525 1685 715 1764 retinenda
737 1686 882 1759 libertas
898 1683 968 1776 est,
994 1687 1342 1764 &damnosumani
1370 1761 1375 1807 1

275 1815 345 1872 mae
368 1793 509 1866 lucrum
534 1784 799 1884 refugiendum:
832 1781 1008 1878 scienter,
1041 1790 1207 1872 cuiquam
1224 1793 1281 1882 jus
1302 1791 1342 1864 in

276 1896 431 1970 animam
449 1908 528 1966 uon
545 1887 718 1979 relinqui,
752 1884 786 1957 δι
807 1885 1028 1980 detrimento
1041 1889 1163 1964 brevis
1179 1891 1263 1966 vite
1279 1887 1345 1966 toe·

277 2014 348 2070 nus
363 1989 641 2065 immortalitatis
660 1986 806 2079 acquiri.

381 2112 438 2182 27·
464 2089 535 2182 Qui
558 2091 668 2182 recipit
682 2110 759 2174 oos,
790 2109 838 2155 me
855 2088 986 2179 recipit:
1017 2083 1057 2163 U
1073 2090 1131 2184 qui
1145 2108 1195 2158 me
1208 2092 1340 2179 recipit,

282 2195 399 2287 recipit
412 2213 491 2274 eunt,
519 2191 576 2286 qui
589 2212 636 2259 me
652 2184 744 2280 rripit.
793 2183 981 2260 Univerlit
992 2183 1163 2262 doctrino
1175 2183 1342 2264 affediutn

279 2291 316 2365 u
335 2300 600 2385 preceptorum
623 2283 847 2360 sedulitatem
867 2285 1055 2378 impendit.
1107 2285 1155 2360 Et
1173 2289 1232 2378 qui
1249 2287 1342 2380 peti·

278 2393 401 2466 culum
416 2406 494 2464 non
506 2387 758 2481 recipientium
772 2381 975 2481 Apostolos
985 2387 1281 2483 excudipulreris
1293 2395 1346 2463 te·

276 2484 1347 2585 stimoniodenuntialset,·recipientiummeritumnltrtgte·

278 2594 367 2663 tiam
382 2588 510 2683 sperati
527 2584 637 2661 officii
651 2583 901 2661 commendat:
927 2584 1111 2679 docetque
1125 2590 1163 2663 in
1179 2586 1214 2663 se
1234 2589 1344 2671 etiam

278 2687 488 2766 mediatoris
504 2682 685 2777 officium,
719 2684 801 2776 qui,
837 2705 919 2757 cum
938 2683 980 2757 fit
992 2702 1162 2782 receptur
1182 2686 1345 2770 enubit,

279 2800 390 2880 atque
401 2789 464 2860 ille
479 2783 662 2879 profectus
679 2806 724 2859 ex
741 2783 825 2859 Deo
840 2783 904 2875 fit,
930 2784 1032 2859 Deus
1044 2789 1221 2881 perillum
1233 2804 1346 2863 utut·

279 2886 377 2968 fusus
398 2888 438 2960 in
461 2905 530 2957 nos
551 2882 605 2957 [ιι.
656 2882 778 2976 Atque
795 2884 864 2972 ita,
897 2885 958 2975 qui
974 2878 1176 2980 Apostolos
1192 2887 1343 2982 recipit,

279 2985 458 3064 Christum
475 2985 627 3077 recipit3
652 2985 712 3076 qul
732 3004 824 3057 vero
844 2979 1021 3063 Christum
1039 2989 1180 3080 recipit,
1205 3000 1345 3082 patrem

277 3089 402 3163 Deum
419 3085 568 3178 recipit:
604 3084 687 3175 quia
707 3104 785 3156 non
809 3084 904 3155 aliud
921 3085 959 3158 in
984 3082 1172 3178 Apostolis
1191 3088 1343 3181 recipit,

278 3206 387 3279 quam
402 3186 501 3276 quod
520 3184 558 3255 in
572 3181 714 3256 Christo
734 3182 806 3264 est,
831 3201 953 3274 neque
968 3184 1006 3256 in
1018 3180 1160 3261 Christo
1172 3185 1267 3259 aluid
1279 3182 1344 3269 est,

281 3306 388 3376 quem
415 3283 514 3377 quod
537 3285 575 3354 in
599 3282 683 3355 Deo
707 3280 777 3356 est:
813 3301 953 3376 perque
975 3284 1073 3359 hunc
1090 3288 1255 3360 ordinem
1270 3291 1355 3383 3ch

280 3386 424 3476 tiarum,
438 3402 516 3456 non
526 3381 619 3455 eliud
629 3380 680 3457 est
688 3379 1081 3478 Apostolosrecepille,
1096 3404 1200 3476 quem
1209 3383 1345 3475 Deuuu

281 3484 365 3577 quic
379 3483 412 3557 u
427 3484 464 3557 in
483 3483 552 3556 illis
572 3477 747 3560 Christus,
773 3481 859 3556 &in
875 3478 1018 3559 Christo
1033 3482 1134 3561 Deus
1150 3484 1301 3559 habitet.

386 3590 441 3664 28.
465 3586 536 3677 Qui
548 3589 659 3678 recipit
679 3584 864 3682 Prophetom
880 3587 1054 3657 innomine
1068 3585 1239 3683 Propheta,
1264 3607 1347 3658 mer·

281 3685 379 3757 cedem
406 3686 565 3777 Propheta
585 3686 724 3778 accipiet.
777 3683 852 3781 Qui
868 3682 1089 3777 Prophetnn'r
1109 3686 1261 3779 recipit,
1287 3684 1347 3759 irc·

281 3787 461 3859 bitantem
482 3783 611 3875 recipit
630 3784 668 3854 in
684 3782 889 3876 Propheta3
920 3780 1035 3876 fitque
1048 3780 1240 3880 Propheta
1256 3802 1347 3859 mer·

284 3886 377 3958 cede
392 3881 533 3980 dignus,
558 3880 778 3973 Prophetam
789 3880 980 3976 Prophetae
998 3880 1348 3979 nominerecipienr.

280 3984 349 4063 Par
365 4001 513 4076 quoque
525 3979 696 4075 recepisse
703 3982 835 4073 justum
849 4004 988 4059 merces
1001 3984 1208 4077 deputatur,
1232 3979 1349 4073 litque

278 4083 392 4183 Julius
408 4102 455 4161 ex
472 4081 617 4161 honore
628 4079 792 4261 justiorii
839 4079 899 4158 Ac
913 4082 961 4161 lic
974 4080 1242 4169 consummetur
1251 4076 1351 4197 julli·

806 4194 875 4277 ²5
1253 4195 1322 4251 ux
