3317 4900
348 481 418 558 ²92
684 439 721 526 S.
771 445 1068 525 Httantr

351 623 420 696 tit:
452 619 532 692 Nea
553 615 590 683 in
606 611 734 682 viribus
753 615 824 708 equi
840 611 1042 684 veluntatem
1062 608 1209 699 babebit,
1243 636 1311 686 nec
1327 617 1430 688 inm.-

352 719 529 794 ternacius
545 718 614 784 viti
631 713 856 808 beneplacitum
879 711 918 808 esi
937 715 975 786 ei.
1039 712 1283 808 Beneplacitum
1306 715 1349 812 efl
1370 721 1429 788 Da·

351 827 440 894 mint
461 819 549 914 super
566 820 712 886 timentes
733 837 820 898 eum,
853 819 892 888 U
907 818 944 880 in
962 836 1085 898 emeres,
1110 812 1329 909 quisperant
1344 816 1428 912 super

229 923 232 930 ’
352 919 562 1007 misericordia
579 919 656 1009 ejus.
709 911 899 984 Contraria
918 909 981 982 ista
1003 910 1064 984 fibi
1078 910 1177 1004 sitiit,
1205 913 1428 1008 sicorport·

229 1011 231 1082 ἶ
351 1014 697 1111 literinteliigantor.
750 1011 1427 1112 QuomodotnimDeusjumentisfoe·

228 1109 231 1128 ’
352 1141 438 1197 num
456 1115 625 1212 producit
641 1116 676 1186 in
696 1113 896 1202 montibus,
923 1113 980 1184 citi
996 1130 1071 1184 non
1091 1109 1140 1184 'est
1156 1112 1428 1206 beneplacitum

228 1205 231 1304 J
353 1223 392 1296 in
412 1215 538 1308 equis?
565 1211 787 1286 Necessitatis
805 1231 957 1302 namque
972 1210 1219 1303 ministerium,
1246 1233 1335 1288 non
1355 1237 1428 1309 pro·

353 1320 525 1394 videntia
547 1315 745 1406 benignitas
772 1309 822 1384 est
845 1313 1046 1384 alimoniam
1065 1312 1228 1404 praebere
1252 1333 1343 1390 non
1364 1317 1429 1410 pia·

355 1425 448 1496 citis.
499 1413 568 1487 Sed
591 1417 672 1505 quia
692 1413 808 1484 omnis
828 1412 900 1484 Dei
913 1409 1154 1484 misericordia
1174 1431 1308 1488 curam
1329 1416 1430 1490 habet

226 1561 229 1594 t
352 1521 515 1596 humana
536 1513 676 1604 salutis,
710 1510 909 1606 allegorice
937 1507 1094 1604 superius
1115 1509 1206 1584 ditia
1223 1515 1429 1590 concluso·

353 1623 409 1695 nis
437 1613 663 1690 absolutione
691 1608 930 1684 consummat:
971 1631 1047 1684 non
1070 1630 1247 1704 pecorum
1276 1611 1429 1708 speciem

355 1733 463 1808 itque
478 1715 665 1791 virtutem,
689 1709 1002 1805 necpretiosarum
1015 1710 1207 1784 domorum
1223 1710 1317 1786 Deo
1335 1737 1428 1790 orna

225 1899 227 1908 ,
354 1832 476 1894 menta
501 1810 690 1906 placuisse,
727 1833 805 1904 quae
828 1811 978 1885 maxima
995 1809 1045 1881 est
1058 1809 1224 1884 humanat
1242 1816 1428 1906 opinionis

355 1916 528 2006 ambitio,
570 1912 702 1985 habore
728 1913 869 1984 nobiles
895 1929 1032 1999 equos,
1074 1907 1205 1984 domos
1238 1914 1428 2004 pulchram

355 2015 416 2092 sed
434 2015 579 2111 placere
594 2027 732 2084 tanturn
752 2013 952 2099 timentem,
977 2008 1189 2104 sperantem,
1218 2010 1255 2082 ἃ
1276 2015 1431 2104 potesta.

216 2125 219 2134 '
354 2131 430 2191 tem
454 2114 549 2206 Dei,
588 2107 920 2184 &misericordiam
944 2107 1003 2203 spe
1025 2123 1195 2200 metuque
1224 2112 1429 2190 testantem

354 2209 563 2292 Misericors
580 2210 673 2284 enim
689 2211 720 2280 tc
738 2223 870 2302 potens
885 2197 958 2300 est,
991 2210 1050 2300 qui
1063 2209 1179 2281 tiixit:
1216 2212 1299 2305 Qui
1323 2217 1430 2290 credit

355 2317 393 2390 in
410 2337 486 2406 me,
512 2332 588 2386 non
604 2310 841 2405 judicabitur,
867 2305 925 2383 sed
944 2309 1092 2380 transiet
1111 2306 1155 2381 de
1174 2325 1308 2385 morte
1329 2317 1370 2390 in
1389 2317 1431 2388 vi·

263 2466 266 2473 ,
355 2431 442 2489 tarn.
494 2409 1155 2505 Estpotensmortemdetnutarevita,
1181 2407 1429 2490 &misericors

354 2516 478 2609 judicii
491 2525 865 2602 amovereterroram‚
891 2509 1070 2582 Dominus
1082 2507 1203 2580 noster
1213 2508 1325 2603 Jesus
1340 2516 1430 2593 Chri·

355 2614 450 2708 sius,
477 2616 536 2705 qui
553 2610 603 2685 est
617 2609 824 2685 benediitos
841 2611 878 2683 in
895 2607 1010 2682 secula
1025 2607 1243 2685 seculorum.
1302 2614 1428 2692 Amen.

219 2828 221 2835 .
369 2812 1428 2849 mm*

560 2943 937 3024 PSALMUS
1005 2945 1215 3021 CXLVII.

588 3145 755 3239 Aiieloja.
808 3145 931 3244 Aggaei
947 3144 980 3219 a
997 3142 1190 3241 Zacharia.

355 3299 507 3477 Laudo
534 3297 711 3393 Jerusalem
736 3300 931 3387 Dominum,
962 3296 1059 3367 lauda
1082 3301 1187 3367 Deum
1207 3310 1306 3370 tuum
1328 3306 1427 3377 Sion:

451 3404 599 3495 quoniam
619 3398 817 3490 confortavit
826 3402 914 3484 letas
926 3415 1094 3493 partarum
1114 3414 1267 3486 tuarum,
1310 3403 1431 3477 benesi-

356 3508 411 3573 ttit
426 3503 512 3589 filiis
528 3504 594 3570 tuis
610 3503 646 3568 in
665 3515 706 3568 te.
766 3501 838 3590 Qui
855 3498 960 3594 posuit
965 3500 1051 3587 fines
1071 3513 1140 3565 tuas
1151 3516 1256 3589 pacem
1278 3500 1323 3575 (5
1346 3507 1430 3601 adipe

352 3601 520 3696 frumenti
530 3599 635 3690 satiat
653 3614 694 3669 te.
748 3600 820 3690 Qui
835 3603 959 3669 emittit
973 3598 1124 3692 eloquium
1130 3598 1224 3683 suum
1238 3615 1355 3686 terra,
1382 3630 1429 3677 oe·

357 3703 465 3773 saciter
483 3704 588 3771 currit
596 3698 694 3786 samo
710 3701 789 3794 ejus,
841 3703 913 3791 Qui
934 3699 991 3767 sat
1006 3696 1203 3789 nivemficut
1217 3698 1356 3784 sanam,
1383 3730 1429 3775 ne·

334 3808 336 3813 '
357 3801 460 3871 iusum
475 3802 554 3894 ficut
569 3804 700 3869 cinerem
712 3801 846 3892 spargit.
901 3798 1040 3867 Emittit
1059 3795 1339 3891 crystasumsuam
1354 3806 1426 3893 ficut

349 3900 597 3997 stussropaett‘t:
621 3916 697 3971 ante
700 3899 818 3988 faeiem
822 3894 959 3989 frigoris
970 3902 1038 3992 ejus
1053 3903 1122 3993 quis
1127 3897 1287 3989 Jubfissit?
1319 3904 1423 3978 Emit·

353 4016 404 4073 tet
424 4000 551 4071 verbum
572 4000 677 4090 suum,
709 3999 749 4074 (ὅ
771 3995 954 4094 liquefaciet
973 4018 1030 4081 ea,·
1057 3996 1161 4092 flavit
1175 3997 1317 4091 spiritus
1343 4012 1426 4103 ejus,

354 4101 395 4179 0
403 4102 513 4199 fluunt
528 4123 624 4197 aque.
693 4101 916 4173 Pronuntiavit
929 4097 1057 4169 utrium
1065 4097 1159 4188 suum
1180 4099 1304 4195 Jacob,
1325 4104 1424 4201 jussi·

1282 4205 1381 4275 ¹tittttt
