3317 4900
326 435 351 486 ὃ
416 425 795 512 Couuurrr'narua
829 452 878 507 ru
914 430 1327 528 uternensem
1405 507 1412 522 .

266 607 405 687 metus,
446 607 507 668 aut
526 594 665 668 doloris
687 596 858 669 noxietas.
910 594 999 670 Dies
1020 614 1111 669 vero
1133 592 1327 686 cursusjest

268 695 465 791 temporie,
479 693 525 767 u
540 693 617 767 sola
627 695 891 787 providentiam
907 693 1098 767 consecuta
1119 692 1329 780 sollicitudi-x

264 800 322 880 dis
345 796 523 888 recipiunt
548 792 725 870 affectum
775 792 1022 868 constituetur
1043 814 1130 890 ergo
1152 794 1228 866 dies
1255 785 1329 877 esse,

267 898 422 985 animal,
445 894 544 995 quod
560 894 594 968 du
608 905 760 985 caveat,
787 892 1042 987 &prospiciat
1069 893 1239 979 &curetr
1267 896 1327 970 cui

268 998 304 1070 dr
318 994 448 1076 malitia
459 996 603 1087 propria
614 992 772 1085 sufficiat,
796 1014 914 1084 neque
924 991 1140 1066 extrinsecus
1151 994 1327 1069 accidenti

265 1097 310 1175 fit
330 1093 539 1186 cumulanda
554 1109 718 1186 peccato.
769 1091 839 1167 Sed
853 1109 978 1166 natura
995 1094 1047 1165 rei
1059 1113 1133 1167 non
1151 1096 1245 1186 capit
1256 1093 1328 1170 diei
1416 1117 1422 1128 ·

270 1197 443 1287 deputare
458 1194 588 1270 mentis
604 1191 787 1268 affediuma
812 1214 901 1287 ergo
921 1192 1145 1283 &quodibi
1166 1193 1236 1284 ipsa
1259 1192 1327 1266 sol-

249 1297 366 1370 'licita
382 1291 455 1385 est,
484 1293 632 1384 &quod
649 1296 682 1366 ei
698 1292 830 1368 malitia
850 1293 908 1366 sua
925 1290 1070 1385 suffieit,
1103 1293 1136 1363 dc
1156 1293 1252 1383 quod
1275 1296 1327 1366 in·

269 1396 433 1469 bibemur
443 1388 585 1465 solliciti
603 1390 672 1466 effe
689 1391 735 1467 de
749 1390 922 1480 crastino;
948 1388 1137 1466 totumsub
1148 1391 1247 1466 didis
1259 1415 1327 1467 cre·

267 1488 626 1605 lestisirgnificantige
649 1493 868 1569 continetur.
928 1492 1099 1594 Jubemur
1122 1492 1230 1588 igitur
1250 1514 1329 1570 non

270 1594 449 1690 ambigere
470 1591 516 1665 de
539 1590 688 1677 futuris3
714 1589 795 1666 satie
809 1591 903 1666 enim
920 1591 1005 1667 vite
1024 1589 1154 1665 nostiae
1170 1593 1327 1685 melitii,

273 1693 486 1783 (edietum,
512 1692 649 1781 quibus
673 1691 854 1783 vivimus,
892 1707 1039 1783 peccata
1055 1689 1246 1780 sufficiunt,
1284 1707 1328 1772 ut

271 1795 369 1869 circa
380 1793 458 1864 haec
471 1790 652 1887 purganda
669 1790 703 1864 dr
720 1790 957 1882 promerenda
974 1791 1089 1863 omnis
1104 1790 1333 1868 vitaenostrro·

243 1976 246 1980 ,
271 1892 460 1972 meditatio
477 1893 653 1981 laborque
665 1888 848 1981 ,versetun
875 1911 922 1962 ue
942 1890 1047 1962 etiam
1065 1890 1109 1962 de
1125 1890 1331 1970 futurorum

274 1990 468 2069 diffidentia
482 1991 706 2081 inexpiabilis
723 1988 961 2085 irreligiositas
972 1991 1224 2068 contrahatur:
1249 2011 1332 2068 cum

276 2089 431 2163 ceffante
447 2108 532 2161 cura
547 2084 683 2181 nostra,-
708 2087 780 2182 ipsa
795 2092 832 2162 in
849 2087 971 2161 officio
989 2087 1066 2179 su0‚
1094 2110 1170 2180 quae
1186 2086 1265 2162 sunt'
1278 2092 1336 2163 fu«
1386 2092 1389 2100 '
1410 2162 1418 2178 ,

274 2203 377 2280 tura,
410 2187 660 2279 follicitqsrnt,
692 2187 848 2263 &nobis
865 2203 1004 2262 aeternae
1023 2189 1190 2270 claritatis
1204 2186 1334 2281 'profe-
1370 2210 1384 2223 ·

275 2289 375 2380 uus,
413 2286 482 2361 Dei
508 2301 728 2382 procurante
755 2288 940 2381 bonitate,
974 2289 1146 2383 jamnon
1172 2284 1334 2366 soilicitia

273 2402 505 2486 preparetur.
653 2413 658 2424 ⁴
692 2387 706 2418 ⁸
784 2405 786 2410 ·
1073 2441 1078 2455 .
1130 2442 1133 2449 ,
1398 2477 1401 2483 1

379 2509 435 2581 14.
462 2489 577 2563 Neine
590 2488 748 2586 judicare,
781 2477 1036 2584 nijudirumini.
1088 2489 1163 2582 Quo
1181 2492 1263 2559 enim
1276 2493 1339 2585 ju«

246 2579 251 2589 ’
274 2592 355 2661 dicio
368 2593 614 2684 judicaveritis,
642 2588 841 2684 judicabitur
857 2590 894 2658 de
911 2591 1011 2659 vobis.
1075 2586 1195 2661 Omne
1207 2587 1333 2680 judicii

275 2687 432 2761 officium
447 2690 590 2779 penitus
606 2687 715 2760 Deue
726 2686 938 2778 submovet,
965 2707 1033 2759 nec
1050 2688 1161 2760 ullum
1179 2689 1339 2763 omnino·

273 2787 403 2879 suscipi
432 2789 577 2879 patitur.
645 2787 715 2859 Sed
740 2800 982 2883 compugnare
1002 2786 1196 2882 propositis
1219 2785 1341 2864 subse}

219 2924 220 2984 ς
274 2887 421 2979 quentia
437 2880 700 2970 existimantur,
724 2905 806 2959 cum
825 2888 931 2959 dicit:
965 2889 1037 2980 Quo
1045 2890 1165 2982 judicio
1173 2892 1334 2986 judicare.

273 2993 372 3072 viris,
392 2987 592 3085 judicabitur
607 2991 642 3057 de
655 2989 753 3058 uobis.
803 2984 873 3059 Sed
891 2985 1046 3078 superius
1064 2989 1129 3058 ait:
1156 2989 1266 3060 cuiue
1277 2993 1339 3085 ju·
1422 3068 1424 3073 ,

273 3089 389 3173 dicare,
415 3112 456 3158 m
465 3088 664 3180 judicemini.
714 3082 899 3176 mequid
912 3087 999 3158 boni
1015 3085 1137 3176 judicii
1151 3090 1334 3178 arbitrium

272 3184 403 3281 'suscipi
417 3207 497 3269 non
514 3182 728 3356 oportent?
758 3183 896 3275 Atquin
917 3181 1110 3276 profitetur
1123 3207 1191 3277 pro
1211 3187 1340 3266 condi--

274 3286 378 3359 tione
399 3285 522 3376 judicii
544 3285 645 3379 judic
683 3280 780 3376 dos,
818 3283 1049 3358 &universio
1072 3306 1222 3388 genere,
1258 3304 1334 3375 quo

275 3384 385 3461 mensi
402 3383 503 3476 sunt,
526 3384 758 3461 metiendum.
807 3379 907 3480 Ergo
925 3405 1115 3475 numquam
1134 3387 1227 3459 bene
1241 3383 1335 3476 judi·

276 3483 437 3653 cagitur,
471 3483 498 3558 s1
524 3484 675 3558 omnino
695 3484 858 3562 nouerit
874 3482 1113 3574 judicandum.
1177 3483 1247 3558 Sed
1262 3485 1337 3575 jam

275 3582 326 3656 du
351 3603 430 3665 um,
454 3595 497 3656 ut
512 3581 670 3675 superius
690 3580 939 3677 cognoscitur,
963 3583 1052 3656 nibil
1071 3587 1107 3659 in
1123 3584 1244 3655 verbis
1262 3584 1336 3656 Dei

274 3684 363 3764 leve
384 3694 446 3754 aut
467 3681 574 3755 inane
587 3679 776 3754 tradatur:
809 3682 999 3773 omnisque
1016 3682 1074 3756 bic
1091 3684 1182 3755 ultra
1201 3680 1337 3759 sensum

271 3780 465 3880 gentilium
490 3783 624 3855 aurium
646 3780 761 3854 sermo
778 3778 840 3855 est.
888 3781 1041 3875 Judioari
1059 3786 1153 3861 enim
1173 3781 1218 3854 de
1232 3779 1338 3875 spon·
1385 3861 1391 3871 ,

274 3881 435 3958 sionibus
453 3877 520 3953 suis
540 3880 674 3953 vetuit:
701 3881 783 3971 quia
803 3893 844 3953 ut
857 3878 989 3972 jndicia
1004 3902 1049 3954 ex
1066 3881 1217 3978 incertio
1228 3882 1339 3958 rebus

274 3984 375 4057 inter
392 3981 557 4054 homines
572 3977 775 4072 sumuntur,
814 3979 865 4051 ita
886 3978 1006 4076 dehoc
1026 3981 1196 4072 judicium
1212 3980 1339 4054 adver·

276 4079 355 4161 sum
377 4079 565 4160 Deum-ex
588 4077 760 4153 sentiendi
771 4090 903 4254 {tque
921 4072 1091 4177 opinandi
1109 4079 1340 4254 tmbgguitato

752 4208 757 4221 ·
835 4198 858 4274 5
1199 4198 1302 4253 uem·
1375 4204 1396 4217 ·
