3317 4900
373 458 661 536 Taacaaaus
686 477 741 538 an,
760 439 947 532 CXXIII.
975 389 1212 537 Peranna.
1286 449 1336 556 λγ

266 623 406 718 serant,
440 621 501 716 qui
524 618 649 716 postea
664 619 702 691 in
719 639 834 716 regno
851 617 1000 691 Domini
1017 621 1266 708 abundabunt,
1300 623 1335 696 ta
1368 689 1376 718 Ι

268 725 365 818 quod
383 742 481 796 nunc
499 724 536 793 in
555 719 801 813 aspernatione
817 717 907 808 sant,
945 718 1005 819 qui
1026 719 1147 814 postea
1169 742 1231 811 per
1248 719 1334 796 fidei

266 821 524 900 confidentiam
548 821 767 911 superbient:
797 819 872 892 save
896 819 994 908 quod
1018 820 1140 911 judicii
1168 837 1335 911 tempore

266 922 510 1018 opprobrium
526 924 560 993 δι
577 919 777 1014 aspernatio
794 918 829 992 in
849 938 934 998 eos,
969 921 1029 1008 qui
1043 940 1140 992 nunc
1154 921 1192 993 in
1211 919 1333 994 seculo

267 1023 478 1111 abundent,
504 1039 545 1093 ac
565 1017 789 1111 superbiant,
815 1033 1033 1091 revertatur.

374 1143 429 1216 13·
454 1117 581 1194 Paulus
605 1122 641 1191 in
657 1116 937 1210 infirmitatibus,
963 1118 1053 1192 dein
1078 1120 1242 1216 angustiis
1264 1120 1333 1196 suis

267 1225 452 1321 gloriatur.
484 1218 1335 1315 Judicemquoqueeiigipotentiumexcontem·

267 1321 428 1395 tibilibur
451 1317 617 1394 Ecclesrae
636 1319 818 1411 praecepit.
874 1317 1040 1392 Mutuam
1060 1319 1121 1393 fibi
1142 1321 1256 1416 legem
1274 1323 1335 1420 ilie

268 1424 304 1496 dr
331 1420 455 1495 Petrus
473 1418 683 1509 instituunt,
714 1431 757 1489 ut
771 1413 1007 1491 meminissent
1023 1440 1242 1516 egenorum,
1271 1441 1333 1493 eo·

267 1541 418 1613 rumque
432 1539 558 1596 curam
570 1513 905 1591 facerentsorticite.
955 1518 1189 1593 Minimorum
1202 1521 1334 1616 Angeii

268 1621 388 1696 Deum
407 1619 572 1713 quotidie
591 1614 737 1689 vidente
775 1617 915 1689 humilis
932 1621 1164 1692 exaltabitur:
1190 1620 1225 1692 dr
1238 1621 1335 1712 opti·

269 1742 364 1798 tnurn
393 1717 601 1793 sacrificium
625 1715 709 1789 Deo
734 1711 786 1789 est
813 1733 880 1788 cor
900 1719 1190 1794 contribulatum.
1241 1719 1335 1794 Nou

270 1841 358 1916 ergo
379 1821 582 1894 abiiciamus
603 1816 791 1908 humilem,
818 1833 895 1888 non
916 1831 1186 1892 contemnamus
1200 1840 1336 1911 paupe.

268 1942 368 2012 rem,
409 1939 486 2004 non
509 1931 726 1989 transeamus
748 1914 989 2010 indigentem:
1023 1937 1069 1989 ne
1090 1919 1272 2012 profundo
1289 1922 1334 1994 ab

268 2021 326 2096 hit
345 2019 439 2092 chao
455 2015 667 2108 separemur,
693 2037 740 2088 ne
756 2014 970 2112 refrigerare
985 2035 1053 2087 nos
1063 2019 1209 2090 minimo
1219 2021 1336 2114 digito

270 2118 337 2193 suo
355 2117 604 2216 dedignemur,
636 2115 1336 2214 quiaapprobaranabandanribus,(rapsa.

269 2223 365 2291 naris
383 2216 523 2313 superbis
544 2215 596 2308 fir.
647 2216 884 2290 Demutabilis
901 2215 952 2289 est
969 2215 1032 2289 ista
1046 2218 1261 2309 conversio,
1301 2218 1337 2292 da

270 2320 377 2414 digna
393 2319 429 2390 in
451 2317 572 2390 bonos
589 2335 630 2387 ac
646 2316 760 2387 malos
778 2313 1002 2409 vicissitudo,
1036 2338 1139 2409 quam
1162 2320 1198 2389 in
1219 2317 1338 2390 Euan·

272 2418 373 2517 galiis
398 2416 554 2491 ostendit
571 2417 712 2489 dicens:
748 2411 849 2486 Beati
868 2415 1051 2511 lugentes,
1088 2423 1255 2511 quoniam
1273 2417 1338 2511 ipss

272 2516 578 2601 consolabuntur;
613 2511 829 2587 &rursumr
861 2516 928 2586 Vaa
947 2520 1073 2605 vobis,
1110 2522 1167 2608 qui
1193 2519 1337 2615 ridetis,

272 2620 443 2708 quoniam
461 2616 614 2707 flebitis,
641 2616 690 2686 ait
708 2613 885 2688 Dominus
900 2615 1022 2688 noster
1036 2615 1134 2712 Jesus
1154 2618 1337 2717 Christus,

273 2718 335 2808 qui
351 2714 401 2788 est
414 2714 620 2789 beneditios
636 2716 674 2788 in
694 2711 811 2786 secula
826 2714 1040 2795 seculorum.
1092 2718 1223 2795 Amen.
1348 2716 1361 2740 '

493 3052 871 3131 rsaanaus
923 3053 1114 3137 cxxnr.
1213 3008 1222 3015 ’

278 3340 281 3349 Ι
538 3250 727 3329 Canticum
747 3254 920 3353 graduum
934 3226 1069 3335 David.
1330 3350 1334 3357 Ι

273 3402 389 3585 Nifi
403 3406 484 3503 quari
504 3410 662 3479 Dominus
677 3420 748 3477 erat
763 3409 800 3475 in
812 3406 911 3494 neiis,
936 3408 1123 3482 eisarnam
1139 3412 1248 3497 Israel,
1273 3409 1337 3505 ns'fl
1378 3412 1389 3441 ¹

379 3509 456 3602 qued
474 3510 632 3579 Dominus
654 3521 724 3575 erar
743 3512 780 3575 in
796 3507 908 3593 embis3
943 3532 1010 3577 cunr
1018 3508 1184 3605 surgerent
1197 3514 1338 3581 homines

272 3610 312 3677 e'rr
325 3629 401 3684 nss,
421 3606 509 3696 forte
523 3613 617 3677 vivos
632 3603 828 3699 degluriffent
845 3631 914 3680 nss.
964 3610 1045 3679 Crem
1058 3614 1246 3699 irasceretur
1260 3616 1339 3681 ani·

272 3730 345 3777 mres
358 3728 461 3774 essene
473 3711 508 3777 e'n
520 3732 588 3793 nos,
609 3705 750 3801 forfiran
766 3732 850 3805 aqua
861 3708 1056 3801 absorbuiffet
1072 3737 1140 3782 nas.
1198 3702 1338 3783 ‘Tarm
1356 3754 1360 3759 ·

217 3822 221 3883 Ι
272 3824 337 3881 tesn
349 3812 567 3900 pertransivit
578 3812 687 3877 anima
698 3808 824 3905 nostra:
843 3809 984 3903 forſsran
997 3807 1217 3904 pertransrffet
1228 3818 1338 3887 animai

217 3888 220 3959 1¹
272 3908 380 4005 nsflra
394 3930 509 4003 aquam
529 3908 721 3995 immensam.
770 3910 959 3982 amasium
977 3916 1132 3982 Dominus
1153 3916 1256 3999 Deus,
1281 3923 1339 4011 qud
1439 3944 1443 3963 ⁴

271 4007 443 4099 manaseds!
462 4030 518 4075 nos
538 4012 575 4077 in
594 4024 758 4101 capturam
771 4012 916 4081 dentibus
929 4034 1043 4084 eorum.
1093 4016 1213 4085 Anima
1232 4013 1338 4109 nsflrd

266 4108 350 4204 fitur
365 4104 466 4207 pauses
481 4122 589 4207 erepte
609 4106 649 4201 es
663 4108 699 4181 de
717 4110 826 4208 iaqees
841 4126 1040 4188 venatorem.
1103 4116 1252 4214 Laqueus
1263 4138 1339 4185 aen·

1193 4232 1305 4295 tritus
