3317 4900
321 449 391 536 aa
562 415 567 426 ¹
656 432 1048 513 S.Hanaarr

319 598 472 693 lapidem
493 599 632 672 drtritiae
652 597 815 695 gentilis,
847 609 910 670 aut
925 615 995 689 pro
1012 594 1186 687 baptiaml
1201 592 1390 670 conserva·¹

321 705 424 772 tione
446 696 645 792 serpentem
673 700 805 770 veneni
828 697 988 772 heretici
1006 693 1260 788 praestiturus?
1302 695 1388 769 Con·

319 798 509 874 summavit
524 798 652 871 deinde
666 799 784 871 omnia
799 797 972 870 bonitatis
986 797 1176 886 exemplo,
1204 795 1387 870 universos

322 900 454 972 amoris
470 900 584 974 mutui
603 920 691 991 pace
707 900 948 992 coniungent:
973 896 1011 969 in
1025 915 1072 967 eo
1083 896 1177 990 legis
1189 894 1229 968 dc
1241 898 1387 989 prophe·

321 1011 437 1070 tarum
465 998 630 1072 mandata
654 997 895 1072 constituens:
925 1009 969 1094 ut
991 993 1257 1070 universorum
1273 996 1314 1071 in
1330 1016 1387 1071 not

320 1099 523 1174 bonitatem
542 1112 732 1192 optantes,
755 1097 818 1191 ipfi
834 1097 1001 1171 omnibus
1017 1096 1107 1167 boni
1130 1094 1261 1168 limus.
1428 1109 1431 1114 ·

424 1221 457 1290 3.
486 1201 613 1270 Intrate
626 1219 684 1293 per
697 1198 856 1296 angustam
866 1213 1003 1294 percant.
1055 1199 1170 1286 Quam
1185 1198 1264 1266 sara
1277 1193 1320 1272 θ’
1330 1196 1386 1288 spa·

322 1302 401 1383 tiela
420 1307 494 1383 ora,
520 1324 586 1393 que
605 1301 693 1368 ducit
708 1301 749 1369 ad
762 1295 988 1392 perditionem!
1021 1291 1193 1366 Arduum
1210 1296 1253 1367 in
1270 1295 1387 1367 coelun
1425 1347 1428 1351 -

320 1399 391 1470 iter
411 1398 565 1470 hominia
582 1395 654 1489 est,
686 1396 854 1470 orditus
872 1393 1037 1492 angustus
1050 1414 1093 1465 ac
1110 1395 1262 1467 tenuis:
1304 1409 1387 1468 cete

321 1515 401 1570 rum
423 1496 633 1588 perditionis
655 1499 799 1570 vialata
815 1499 877 1572 est„
926 1495 1033 1574 Hanc
1051 1495 1179 1587 plures
1205 1496 1386 1575 obtinent,

320 1597 416 1670 illam
433 1616 546 1686 porro
567 1600 670 1688 pauci
687 1597 891 1671 inveniunt.
938 1594 1064 1667 Paucis
1082 1594 1184 1666 enim
1200 1594 1386 1669 damnare·

321 1715 399 1768 rum
416 1694 637 1785 praesentium
649 1689 760 1770 'chara
776 1697 872 1771 sunt:
900 1695 1028 1786 quibus
1037 1693 1270 1785 cupiditates
1284 1696 1319 1768 ἃ
1331 1696 1385 1766 ani·

276 1879 280 1889 ,
320 1791 370 1870 nn
392 1794 561 1881 vincere,
592 1797 625 1869 δι
649 1801 813 1890 corporis
838 1797 1021 1889 frangere,
1044 1793 1088 1864 rit
1112 1794 1294 1885 expofita
1310 1795 1384 1866 totie

320 1891 429 1970 seculi
451 1896 586 1968 viribus
601 1897 847 1969 illecebrarum
866 1895 1027 1968 omnium
1041 1895 1238 1970 lenocinia
1257 1905 1383 1989 preter·

273 2035 278 2046 ·
319 1992 395 2081 ire,
422 1995 611 2071 maximum
627 1995 775 2069 coelestis
792 1994 862 2087 spei
880 1996 1018 2065 lucrum
1036 1991 1117 2066 est·
1163 1992 1247 2068 Illis
1264 2010 1382 2085 autern,

320 2093 450 2183 quibua
465 2091 575 2168 solum
591 2100 727 2170 honum
746 2093 796 2168 est
815 2094 979 2183 scortari,
1006 2090 1218 2187 comessari,
1246 2095 1380 2180 ambire,

319 2191 551 2286 insolescere,
582 2194 756 2288 fastidire,
783 2192 911 2281 odisse,
937 2193 1112 2286 diripere,
1137 2191 1380 2286 plurimurell

215 2373 222 2394 ,
318 2292 620 2385 frequentantium
633 2295 702 2366 iter
721 2296 792 2368 tale
810 2296 1015 2369 comitatus.
1295 2355 1302 2380 ,

351 2454 355 2460 .
418 2418 454 2484 4.
481 2391 529 2466 Et
549 2393 629 2486 quia
644 2416 842 2486 paucorum
865 2392 953 2468 esset
971 2394 1064 2466 viam
1081 2391 1280 2488 angustam
1297 2396 1378 2469 inre·

319 2497 418 2585 nire,
442 2492 714 2567 fraudulentiam
734 2516 878 2586 eorum,
905 2495 964 2585 qui
979 2514 1055 2565 eam
1068 2492 1103 2564 se
1114 2514 1291 2583 quaerere
1303 2516 1378 2570 men

317 2595 493 2685 tirentur,
517 2597 688 2685 exponit,
715 2594 856 2669 dicens:
879 2597 1085 2666 Attendirea
1096 2596 1378 2693 pseudoprophete»

318 2699 375 2792 qui
398 2700 539 2762 veniunt
560 2696 600 2764 ad
623 2701 741 2763 vorin
757 2696 951 2792 vestimentis
968 2700 1092 2780 ovium,
1119 2694 1195 2769 dcc.
1252 2695 1378 2769 Blandi·

306 2796 669 2883 'menta-verborum,
705 2793 1026 2868 &mansuetudinis
1045 2793 1322 2871 simulationem
1335 2795 1377 2866 ad·

316 2908 443 2965 monet
459 2892 573 2965 fructu
600 2897 820 2987 operationis
833 2893 994 2987 expendi
1013 2907 1217 2986 oportere:
1252 2911 1298 2970 ut
1318 2912 1378 2969 non

317 2993 457 3080 qualem
474 2993 550 3082 quis
566 2990 600 3065 se
616 2996 734 3067 verbis
749 2986 900 3080 resciat,
927 2991 985 3085 sed
1007 2995 1146 3083 qualem
1167 2994 1206 3067 se
1223 2993 1377 3069 rebuses·

317 3088 429 3182 ficiat,
456 3088 670 3183 speltemus3
698 3097 778 3185 quia
794 3095 828 3165 in
844 3094 964 3165 multis
980 3092 1111 3164 vestitu
1123 3098 1265 3169 ovium
1277 3096 1377 3167 rabies

316 3192 439 3284 lupina
462 3196 681 3288 contegitur.
730 3193 852 3289 Ergo,
884 3207 925 3262 ut
943 3193 1180 3285 spinaeuvas,
1209 3210 1255 3267 ut
1271 3193 1377 3268 tribuli

316 3286 406 3390 ficus
421 3312 497 3364 non
518 3306 709 3386 generant,
738 3293 828 3364 &ut
842 3293 970 3381 iniquae
985 3294 1132 3363 arbores
1150 3296 1263 3367 utilia
1281 3313 1375 3387 pona

316 3409 392 3465 non
410 3391 583 3481 afferunt:
604 3395 653 3467 ita
669 3415 715 3464 ne
730 3392 801 3464 illis
814 3393 954 3481 quidem
965 3390 1155 3462 consistere
1168 3393 1293 3468 docet
1302 3391 1376 3467 bom'

316 3491 640 3581 operis-effectum
667 3490 700 3562 ἃ
718 3492 854 3564 idcirco
872 3513 999 3565 omnen
1016 3489 1307 3585 cognoscendos
1320 3490 1378 3566 ese

317 3587 363 3662 d'e
383 3588 564 3667 sinilibus.
614 3592 813 3664 Reouum
842 3593 934 3664 enim
958 3592 1129 3662 coelorum
1147 3589 1231 3666 sola
1251 3595 1375 3668 verbo

315 3690 395 3764 riam
409 3690 611 3766 officianon
627 3692 813 3764 obtinent:
840 3712 956 3782 neque
971 3690 1200 3782 qui-dixerit:
1230 3700 1373 3776 Domine,

316 3792 473 3879 Drmme,
499 3794 609 3866 heres
630 3794 721 3865 illius
742 3792 821 3863 erit.
872 3789 970 3889 Quid
991 3792 1085 3861 enim
1101 3794 1229 3864 meriti
1244 3793 1375 3868 estDo·

314 3889 414 3965 mino
433 3892 570 3966 dicere:
604 3897 761 3977 Domine,
796 3885 955 3960 Domine?
991 3886 1179 3977 Numquid
1198 3894 1373 3967 Dominus
1453 3912 1454 3919 ¹

314 3986 1454 4084 mQffimfflQmfflfflmffli]

313 4088 476 4171 sanctitas
492 4090 543 4168 est
557 4095 712 4171 nominis
728 4093 969 4187 nuncupatio,
1003 4111 1083 4163 cum
1105 4092 1265 4165 celestis
1285 4092 1373 4186 regni

1264 4194 1335 4265 iter

252 4257 256 4265 '
279 4270 372 4302 Δ.
