3317 4900
338 433 707 544 Tencterorum
727 439 958 556 CXXXIV.
984 457 1231 544 Pastorum·
1269 447 1345 568 ¹⁴9¹
1393 413 1426 446 Ἀ

372 649 431 721 14.
455 626 498 703 ln
519 647 589 720 eo,
614 618 854 721 quod'omm'a,
902 649 950 698 aa
963 628 1090 716 voluit,
1105 621 1336 722 sccitincoeso,
1423 629 1427 637 ’

268 731 310 812 ὕ
325 732 363 803 in
386 748 491 810 terra,
517 732 663 812 inmari,
688 725 728 804 σ
744 732 782 798 in
796 651 923 824 aiffa,
946 742 1117 819 quantum
1130 729 1336 827 cognitioni

265 831 398 906 nostrae
414 826 612 922 permissum
625 825 689 921 est,
713 828 802 901 nihil
816 828 998 934 pmrbilius
1015 827 1099 900 Deo
1110 829 1257 906 homine
1269 828 1333 906 est.

263 928 316 1004 Et
332 925 449 1004 subest
464 925 578 1018 causa,
602 941 644 1000 ut
655 927 922 1021 peculiareiroc
934 929 968 1002 ei
981 929 1108 1003 animal
1123 928 1176 1006 srt.
1225 929 1336 1004 Mun·

264 1032 333 1108 dua
350 1048 443 1103 vero
462 1026 639 1119 censistit,
678 1027 798 1103 ho'mo-
812 1029 937 1102 cutem
954 1047 1036 1102 cum
1056 1028 1207 1102 consriio
1227 1024 1336 1106 effici·

263 1146 342 1223 tur,
367 1147 442 1204 non
456 1128 588 1221 verbo,
612 1125 672 1202 sed
689 1133 802 1222 opere
819 1128 1008 1224 cogitatio.
1058 1127 1119 1212 Fit
1130 1122 1277 1221 quoque
1289 1125 1334 1202 ad

266 1230 454 1325 imaginem
478 1226 569 1301 Dei:
600 1248 669 1325 per
688 1227 956 1331 inspirationem
979 1226 1086 1303 etiam
1109 1226 1178 1301 Dei
1200 1229 1332 1300 vivent

267 1331 383 1406 anima
399 1323 595 1422 perficitur.
645 1325 781 1425 Legem
798 1328 942 1422 accipit,
968 1328 1154 1402 voluntati
1175 1326 1240 1428 suae
1253 1347 1334 1418 per·
1371 1407 1399 1422 ..

266 1430 443 1523 mittitur,
468 1429 559 1505 liber
578 1430 622 1502 ab
639 1428 807 1502 omnibus
821 1428 945 1500 mundi
960 1427 1127 1502 dominus
1148 1426 1334 1502 constitui·

266 1544 351 1621 tur,
384 1527 533 1621 paradisr
558 1526 679 1598 incola
697 1524 768 1617 est,
802 1527 938 1600 invidia
955 1527 1090 1601 diaboli
1110 1527 1236 1623 dignus
1258 1523 1333 1619 est,

267 1627 349 1722 post
370 1638 561 1724 peccatum
579 1624 827 1699 misericordie
847 1624 1070 1720 reservatur,
1104 1628 1204 1701 omni
1224 1625 1333 1701 seculi

266 1728 372 1820 hujus
389 1742 495 1802 aetate
512 1726 555 1800 ad
576 1726 824 1821 cognitionem
840 1722 912 1797 Dei
927 1727 1107 1810 eruditur,
1138 1726 1249 1820 judex
1272 1745 1335 1798 an·

265 1829 337 1924 geli
358 1839 587 1923 preparatur.
641 1826 923 1899 Revelationern
938 1825 1015 1916 eius
1034 1840 1195 1901 creatura
1211 1822 1335 1919 exspe-

268 1926 354 2017 θαι,
379 1927 530 2002 vanitati
544 1928 580 1999 in
595 1924 817 2019 spemttipsa
827 1922 1001 2016 subjectu
1026 1926 1332 2020 obpoenitentiam

267 2026 348 2117 eiua
359 2045 403 2100 ex
414 2037 567 2116 peccato
579 2025 802 2122 Angelorum
812 2027 848 2101 in
859 2025 1155 2098 coeiismaximum
1166 2024 1333 2120 gaudium

268 2123 334 2198 est.
391 2124 463 2201 Hic
477 2122 549 2217 ipse
569 2144 633 2217 per
649 2123 904 2201 sacramentnm
923 2124 1124 2200 nativitatis
1140 2123 1334 2201 secundum

268 2223 453 2301 hominem
473 2222 595 2321 Jesum·
611 2221 786 2298 Christum
804 2222 968 2300 assumtus
986 2225 1022 2296 in
1044 2244 1124 2297 eum
1142 2222 1204 2296 est.
1255 2223 1333 2316 Jarn

267 2324 403 2416 ubique
417 2320 653 2422 irreligiosum
662 2334 746 2396 ante
755 2344 797 2397 os
807 2324 1238 2420 ejusreligionemdocet,
1260 2323 1335 2413 jam

267 2424 448 2522 pollutum
468 2422 597 2522 stupris
616 2442 751 2517 corpus
772 2423 995 2499 continentia
1014 2443 1142 2518 purum
1157 2420 1227 2515 est,
1240 2422 1334 2514 ajmo

268 2544 364 2599 ceca
385 2524 564 2616 quondam
584 2545 605 2600 a
631 2523 845 2620 cognitione
862 2522 932 2599 Dei
954 2542 1074 2616 mens,
1112 2522 1222 2599 lsrael
1241 2521 1334 2599 satta

269 2624 333 2701 est.
389 2624 465 2719 Jam
485 2623 621 2697 invidia
639 2625 676 2699 in
695 2623 934 2697 imitationem
951 2625 1039 2697 boni
1058 2622 1236 2716 profecit,
1258 2623 1334 2715 jam
1375 2636 1379 2665 ·

219 2785 220 2790 e
268 2719 425 2799 ebriatae
440 2722 476 2798 in
489 2722 622 2814 ieiunia
639 2722 787 2819 exarsit,
810 2724 882 2816 jam
903 2722 1024 2797 odium
1040 2723 1078 2799 in
1099 2743 1257 2797 amorem
1273 2722 1334 2795 de·

265 2834 445 3000 putatum
467 2820 539 2910 cst,
577 2823 649 2918 jam
675 2823 765 2901 vitia
784 2823 823 2901 iu
842 2823 1019 2903 virtutum
1037 2824 1150 2899 vitam
1172 2835 1335 2921 peremta

282 2935 358 3001 unt.

371 3040 427 3112 15.
451 3018 556 3098 Fecit
569 3042 657 3121 ergo
673 3022 854 3101 Dominus
864 3027 982 3106 omnia,
1007 3021 1334 3121 qaaeooluitincoeio,

268 3117 487 3209 &interm
519 3127 676 3213 inmari,
712 3122 750 3199 &
774 3121 954 3218 incbyffis.
1006 3121 1261 3201 Nlffluenim
1291 3122 1329 3193 in

268 3221 322 3297 hit
344 3223 509 3295 omnibus
527 3224 641 3297 carius
659 3223 806 3299 homine
820 3221 884 3297 suo
905 3224 1049 3306 habuit,
1076 3218 1126 3297 ob
1143 3241 1248 3315 quem
1264 3219 1332 3291 eti·

269 3341 325 3395 am
340 3319 556 3420 Unigenitus
581 3325 657 3417 ejus
676 3323 777 3400 Deus
799 3324 913 3400 homo
936 3325 1075 3399 extititt
1109 3320 1329 3411 &fecitita,

268 3422 820 3516 educcptsnaitsobcxtremo-rerrae.
871 3423 1039 3498 Nubibus
1052 3421 1230 3495 Dominus
1243 3438 1331 3509 prae·
1381 3494 1384 3499 ,

268 3519 381 3613 cepit,
405 3521 561 3615 nesuper
578 3521 763 3616 spinosam,
789 3523 1064 3598 &infecundam
1080 3523 1218 3594 vineam
1231 3520 1330 3611 piue·

266 3632 371 3693 rent:
405 3619 626 3716 Mandane,
644 3623 775 3713 inquit,
810 3625 987 3712 nubibus,
1021 3644 1068 3698 ne
1083 3623 1209 3717 pluant
1226 3616 1329 3708 super

266 3736 359 3794 earn.
410 3718 580 3817 Cognovi
605 3722 807 3815 &nubem,
834 3726 871 3796 in
884 3743 954 3814 qua
975 3728 1120 3796 locutus
1143 3716 1194 3791 est
1204 3716 1329 3811 Deuca

263 3818 307 3894 ln
327 3818 514 3912 columna,
546 3824 682 3916 inquit,
718 3825 821 3897 nubis
837 3823 1054 3916 loquebatur
1073 3819 1116 3893 ad
1138 3837 1215 3892 eos.
1278 3810 1328 3887 Et

265 3916 418 3993 testatur
433 3919 654 3999 mihiPtuiua
666 3923 779 3998 inhac
791 3925 889 3998 nube
904 3943 979 3996 non
990 3917 1201 4009 hocsolum‚
1228 3914 1329 4007 quod

262 4020 398 4115 legitur
416 4019 705 4117 intelligendum,
732 4021 872 4099 dieenct
905 4020 966 4093 An
980 4018 1144 4110 nescitis,
1169 4015 1251 4109 quia
1268 4034 1329 4105 pa·

266 4129 340 4195 trec
357 4118 469 4196 nostri
484 4117 546 4195 sub
565 4123 660 4201 nube
676 4123 845 4297 suerppt,
877 4121 966 4198 &in
984 4115 1142 4214 Moysen
1156 4112 1330 4291 bsaptipati

822 4222 868 4317 ς’
924 4270 928 4275 -
1184 4226 1250 4293 unt

1255 4298 1356 4336 Q
