3317 4900
343 459 414 518 122
459 441 493 536 j
646 435 709 514 .S.
758 433 1065 514 Hruuurr

339 611 436 688 tems
461 597 498 674 id
515 609 650 691 autem,
676 598 775 691 quod
791 579 960 692 deinceps
975 581 1220 692 consequitur,
1245 598 1341 693 spem
1355 599 1413 676 fu·

339 702 412 778 turi
430 700 604 795 temporis
625 699 778 793 doceat,
806 720 888 774 cum
903 700 970 774 ait:
999 700 1191 772 levabimus
1210 706 1247 770 in
1260 701 1411 773 tabernas

237 837 240 844 ·
338 802 410 874 cula
432 805 520 898 ejus,
558 802 754 872 adorabimus
779 805 817 871 in
832 797 922 885 ioco,
957 799 1011 869 ubi
1034 800 1195 894 steterunt
1217 803 1304 894 pedes
1322 807 1407 896 ejus.

340 899 533 993 Corporali
553 898 650 973 'istud
678 902 764 972 vitae
791 899 970 994 presentis
997 898 1119 976 officio
1147 899 1329 993 Propheta
1347 903 1409 975 de·

338 997 504 1094 sperans,
537 995 609 1074 fide
626 998 797 1094 &spiritu
819 999 1016 1094 presumit,
1052 1015 1093 1073 ut
1109 1002 1337 1076 tabernacula
1353 1022 1411 1074 re·

339 1101 435 1192 quisi
446 1097 529 1191 Dei,
557 1101 638 1193 quia
655 1122 697 1176 ea
718 1099 751 1172 δι
770 1101 877 1193 vidit,
904 1099 1106 1190 &audivit‚
1133 1101 1304 1176 introeat.
1334 1100 1407 1175 Sed

336 1199 496 1295 superius
521 1196 625 1294 super
646 1221 722 1272 uno
741 1212 880 1274 tantum
900 1200 1137 1276 tabernaculo
1153 1202 1309 1292 juratum
1331 1201 1406 1290 est3

326 1315 566 1378 muucautem
582 1299 1154 1378 muitatabernacuissiptroibunt.
1204 1301 1407 1378 Suntenim

337 1421 384 1478 ex
398 1421 470 1475 una
485 1397 748 1492 Apostolorum
765 1397 936 1490 Eccleiia,
963 1399 1007 1473 de
1019 1420 1088 1490 qua
1099 1399 1255 1492 superius
1269 1416 1405 1478 votum

336 1499 402 1585 est,
428 1502 547 1593 plures
563 1498 730 1581 eoeleste,
758 1499 790 1570 ἃ
808 1501 921 1573 multa
933 1499 1179 1573 tabernacula:
1207 1500 1265 1572 sed
1281 1501 1408 1576 eadem

335 1597 408 1682 Dei
430 1601 571 1691 requies
593 1600 630 1674 in
654 1600 814 1692 pluribus
832 1598 894 1676 est.
961 1599 1049 1676 Haec
1066 1620 1153 1694 ergo
1171 1601 1308 1690 requiei
1330 1601 1404 1680 Dei

335 1699 566 1778 tabernacula
589 1699 806 1778 introibunt.
881 1697 1013 1790 Neque
1035 1697 1147 1771 solum
1177 1700 1405 1794 introibunt,

335 1797 396 1878 sed
413 1799 519 1893 etiam
536 1798 751 1880 adorabunt,
776 1801 837 1876 ubi
852 1797 1029 1874 steterunt
1046 1798 1155 1890 pedes
1171 1800 1259 1889 ejus.
1310 1798 1404 1876 Cum

333 1897 531 1978 statuturo
545 1900 697 1990 inleso,
725 1922 770 1972 ex
786 1919 860 1989 quo
872 1897 998 1975 decedi
1009 1918 1085 1976 oon
1100 1913 1286 1991 oporteat,
1314 1921 1405 1978 con·

334 1997 481 2076 fistitur:
516 1999 578 2072 ubi
601 2020 692 2074 vero
708 2000 857 2091 pedibus
875 1997 1005 2089 statur,
1039 1998 1112 2074 illic
1130 2015 1215 2071 toto
1233 2000 1401 2091 eorporis

336 2095 458 2172 officio
473 2098 649 2176 infistitur.
701 2099 779 2172 Lex
791 2098 974 2190 preteriit,
1000 2098 1194 2194 prophetia
1210 2099 1325 2179 clause
1339 2101 1401 2187 est,

333 2195 415 2276 finis
432 2219 559 2276 eorum
578 2196 735 2272 Christus
755 2197 827 2290 est,
862 2197 1118 2283 demutationis
1135 2199 1278 2276 alterius
1297 2202 1402 2274 locus

313 2301 453 2376 ,nullus
472 2298 541 2372 ests
575 2299 612 2374 in
627 2298 700 2372 hoc
717 2300 754 2371 in
775 2313 946 2374 aeteruum
968 2295 1129 2374 standum
1146 2297 1216 2389 est,
1243 2299 1305 2375 ubi
1324 2300 1402 2389 jam

320 2396 483 2477 decursu
500 2397 588 2495 legis
610 2397 643 2471 δι
662 2396 923 2489 Prophetarum
941 2396 1119 2476 Dominus
1134 2395 1266 2478 insistit.
1316 2398 1403 2475 Dis-

333 2504 446 2578 currit
470 2500 613 2592 quidem
635 2519 701 2592 per
727 2498 928 2590 Apostolos
949 2499 1175 2591 predicatio,
1216 2517 1308 2589 quos
1330 2497 1404 2571 fre.

225 2620 229 2627 ’
332 2598 486 2695 ¹quenter
510 2600 619 2691 pedes
642 2595 1109 2693 fignificatosmeminiruus:
1143 2595 1256 2669 sedin
1280 2596 1403 2675 Evan-

333 2699 434 2794 geliis
451 2697 662 2776 consistitur.
725 2697 804 2779 illic
824 2719 913 2792 ergo
931 2697 1160 2788 adorabitur,
1197 2697 1259 2775 ubi
1276 2696 1401 2775 Domi-

332 2800 371 2876 ni
391 2798 520 2889 pedes,
554 2796 677 2888 idest,
711 2799 975 2890 predicationis
991 2797 1176 2874 noviffima
1192 2797 1264 2876 fine
1282 2797 1401 2876 demo.

330 2899 481 2977 usionis
501 2898 648 2989 alicujus
669 2897 941 2993 transgresione
961 2895 1199 2972 constiterint.

438 3018 493 3087 15·
520 2993 568 3069 Et
586 3001 666 3087 quia
685 3000 720 3070 in
735 2997 940 3093 Evangelio
950 2998 1098 3092 legimus
1115 2995 1263 3073 dissum:
1288 2995 1401 3072 Multi

332 3098 521 3197 prophete
537 3096 662 3189 &iusti
678 3099 870 3188 cupierunt
887 3096 1031 3174 videre,
1058 3117 1135 3186 quae
1154 3117 1225 3169 vos
1244 3095 1400 3190 videtis,

333 3199 367 3272 ἀ
383 3197 517 3278 audire,
543 3218 619 3290 quae
637 3198 779 3283 auditis,
806 3194 940 3271 saueius
957 3196 1139 3288 Propheta
1159 3195 1319 3269 defiderii
1336 3197 1401 3269 hu-

327 3298 387 3390 ius
406 3298 593 3389 impatiens
616 3296 677 3373 est.
728 3297 917 3386 Postquam
935 3296 1027 3369 enim
1043 3299 1200 3386 requiem
1216 3296 1286 3371 Dei
1303 3296 1401 3372 audi!

329 3399 388 3473 vit
405 3399 437 3471 δι
453 3398 609 3488 reperit,
636 3394 717 3489 post
737 3418 841 3488 quam
855 3396 1086 3468 introiturum
1103 3394 1137 3470 se
1153 3395 1401 3472 adoraturum·

330 3518 402 3589 que
428 3497 599 3583 credidit;
635 3494 705 3587 spei
725 3510 832 3573 tante
852 3495 957 3568 fieri
944 3516 1015 3588 Jam
1034 3495 1211 3587 particeps
1229 3495 1399 3586 depreca-

328 3609 411 3688 tur,
448 3597 590 3672 dicenS.
632 3599 757 3686 Exurge
774 3600 948 3667 Domine
936 3620 972 3664 m
988 3600 1122 3692 requiem
1143 3611 1254 3684 tuom,
1292 3615 1400 3683 quam

326 3710 557 3786 reperturum
567 3692 600 3767 se
614 3692 735 3777 Davrd
747 3709 829 3768 tuus
842 3696 967 3785 voum,
995 3690 1400 3785 quamnosinEphram

247 3887 249 3891 Ι
326 3797 547 3885 audivimus,
575 3814 678 3885 quam
695 3795 873 3889 incumpis
892 3796 1217 3887 filvaeinvenimus‚
1242 3794 1280 3865 in
1295 3794 1397 3882 cujus

330 3894 562 3969 tabernacula
587 3894 838 3987 introibimus,
868 3894 1050 3969 adoreturi
1074 3894 1168 3975 illic,
1206 3893 1275 3967 ubi
1286 3891 1397 3984 pedes

319 3995 382 4071 ¹tui
405 3993 471 4067 stet
474 4007 588 4069 eruno
645 3992 792 4090 Exurge
819 3995 927 4089 igitur
945 3997 981 4065 in
1003 4015 1079 4070 eam
1103 3994 1286 4084 requiem,
1319 4011 1399 4082 quae

304 4090 413 4169 uoti
431 4094 653 4173 sacramento
673 4095 813 4187 quaefita
830 4091 903 4189 est,
931 4113 1008 4186 quae
1026 4094 1230 4189 proplretiae
1251 4090 1401 4167 scientie

809 4252 811 4257 .
862 4230 866 4249 ·
1312 4195 1351 4267 in
