3317 4900
677 389 1267 531 ‘Tnacrxrus
1317 469 1420 526 m
1468 445 1888 526 cx-xvn.
1940 447 2402 530 PsALMuM.
2494 524 2501 530 .
2556 475 2657 551 9-1.

533 616 778 695 vidm,
825 612 1132 712 qnaesnmt
1160 611 1320 684 bona
1351 612 1734 709 Jerusalem.
1837 609 1959 685 De
1985 611 2365 708 Jerusalem
2384 610 2657 692 &Sion

528 717 672 809 jam
718 716 794 789 in
833 713 1314 807 superioribus
1359 711 1642 788 Psalmis
1672 712 2089 803 frequenter
2121 712 2352 790 sumus
2384 715 2651 790 locuti:

534 838 627 888 ex
661 817 965 908 quibus,
1015 809 1138 884 'vel
1179 814 1252 886 in
1292 813 1544 905 quibus
1583 814 1952 885 bonorum
1982 816 2297 887 omnium
2330 812 2656 889 consum·

530 918 762 988 matio
808 911 1160 1007 speranda·
1188 911 1312 987 est.
1412 912 1636 988 Nunc
1679 912 1865 986 enim
1897 915 2222 1006 quamvis
2269 915 2482 986 bonis
2518 936 2663 988 coe-.

526 1015 825 1090 lestibus
876 1010 1360 1107 perfruamur,
1425 1024 1666 1086 tamen
1710 1013 1980 1102 majora
2013 1014 2226 1087 nobis
2274 1014 2347 1085 in
2380 1013 2554 1087 Sion
2586 1015 2660 1087 er.

531 1113 924 1209 Jerusalem
956 1111 1400 1201 temporibus
1427 1109 1546 1203 spe
1575 1109 2054 1189 reservantur.
2084 1191 2092 1197 ,
2154 1114 2327 1186 Hoc
2348 1114 2533 1189 enim
2556 1110 2659 1187 se·

536 1216 779 1288 culum
828 1210 1329 1306 promissorum
1372 1212 1737 1285 bonorum
1794 1231 2020 1305 capax
2074 1234 2228 1287 non
2277 1213 2398 1288 est.
2516 1214 2655 1286 Vae

491 1314 727 1386 ‘enim
777 1332 970 1387 nunc
998 1311 1271 1385 mundo
1313 1332 1351 1383 a
1382 1310 1751 1402 scandalis,
1802 1312 1877 1384 in
1924 1332 2071 1403 quo
2108 1313 2176 1385 δι
2216 1314 2488 1386 zizania
2513 1313 2651 1386 dia·

532 1414 750 1487 bolus
795 1409 1217 1505 superserit,
1281 1412 1355 1483 in
1403 1430 1551 1501 quo
1591 1413 1796 1505 regio
1845 1411 1945 1484 est
1978 1414 2511 1509 corruptionis,
2572 1412 2675 1485 *St-

528 1517 737 1588 locus
757 1512 1184 1603 iniquitatis,
1238 1508 1675 1582 &convallis
1694 1512 2141 1602 plorationis,
2192 1515 2677 1604 inquorum..

536 1615 952 1706 dipotentes
985 1608 1146 1682 sunt
1176 1610 1434 1683 harum·
1448 1611 1931 1687 tenebrarum.
2032 1611 2170 1686 Sed
2199 1614 2660 1687 habemusin-

536 1714 743 1786 terim
759 1709 1262 1806 promifforum
1286 1710 1498 1782 nobis
1519 1710 1881 1781 bonorum
1902 1710 2170 1803 lumen,
2218 1714 2293 1787 in
2314 1733 2461 1804 quo
2483 1727 2675 1786 tam·-

540 1834 749 1902 quam
788 1831 917 1906 per
940 1810 1299 1903 speculum
1325 1809 1394 1881 &
1422 1810 1494 1881 in
1518 1809 1889 1904 aenigmate
1905 1808 2215 1885 felicium
2235 1813 2677 1887 rei-amima·-

533 1914 769 2007 ginem
801 1926 1267 2002 contuemur:
1337 1922 1512 1982 tunc
1548 1909 1737 1983 facie
1767 1908 1853 1979 ad
1893 1906 2148 1981 faciem
2179 1910 2389 1984 visuri
2413 1964 2437 2003 ‚
2502 1932 2660 1986 non

534 2008 961 2101 interposita
1010 2007 1457 2081 obscuritatis
1512 2012 1755 2100 nube,
1841 2022 1965 2080 aut
1996 2007 2263 2100 speculi
2288 2013 2663 2085 aemulante'

533 2108 968 2202 splendore,
1040 2106 1155 2179 sed
1206 2129 1381 2181 vera
1423 2110 1489 2180 ἀ
1539 2108 1997 2200 conspicabili
2035 2109 2491 2183 beatitudinis
2528 2131 2662 2184 no-

536 2209 697 2282 strae
736 2207 1354 2299 contemplatione
1391 2208 1822 2291 laetabimur‚
1894 2229 2197 2301 operum
2246 2209 2661 2284 nostrorum

533 2307 806 2384 frustus
842 2320 1318 2399 contuentes,
1371 2305 1438 2379 &
1474 2307 1877 2381 mercedem
1914 2310 2085 2380 vitae
2112 2311 2521 2382 innocentis
2555 2310 2663 2380 vi·

538 2410 815 2483 denteS.
932 2405 1119 2480 Nam
1169 2419 1250 2479 ut
1300 2426 1523 2499 opera
1564 2427 1654 2480 ex
1694 2406 2029 2499 sapientia
2073 2410 2498 2506 gignuntur,
2561 2408 2667 2485 ita

540 2530 634 2582 ex
679 2507 1020 2602 operibus
1065 2508 1453 2580 retributio
1494 2505 1822 2585 nascitur.
1946 2505 2072 2582 Est
2104 2530 2281 2603 ergo
2319 2509 2663 2603 sapientia

536 2608 973 2680 innocentiae
1007 2622 1276 2680 materz
1321 2607 1388 2679 &
1419 2606 1687 2680 rursum
1718 2608 2135 2682 innocentia
2161 2609 2429 2683 fruetus
2456 2608 2681 2680 retri-.

437 2732 448 2743 ·
534 2707 866 2779 butionis
903 2708 1112 2797 parit.
1215 2707 1373 2779 Hos
1408 2726 1584 2800 ergo
1619 2707 2138 2797 consequemur
2160 2709 2453 2782 diabolo
2482 2728 2664 2783 con·

539 2807 768 2895 trito,
819 2807 1072 2877 aculeo
1106 2807 1355 2877 mortis
1392 2802 1666 2897 retuso,
1723 2804 1788 2877 &
1827 2808 2023 2880 omni
2056 2810 2379 2903 principe
2418 2830 2502 2881 ac
2527 2828 2665 2900 po·

541 2904 800 2978 testate
836 2905 1041 2996 hujus
1075 2903 1286 2977 seculi
1316 2917 1651 2995 exemto,
1707 2924 1867 2977 cum
1898 2906 2039 2996 jam
2070 2928 2208 2999 pax
2241 2911 2550 2982 in‘nobis
2573 2906 2677 2981 fit·-

539 3005 746 3078 hoste
788 3001 984 3075 visto
1023 3004 1087 3075 δι
1124 3017 1488 3095 peremto:
1537 3004 1737 3096 quod
1778 3002 2139 3098 Propheta
2165 3007 2409 3080 Psalmi
2448 3008 2660 3102 ipfius

543 3103 1007 3177 conclusione
1037 3104 1375 3195 testatur,
1425 3103 1708 3176 dicens:
1764 3107 2105 3176 Benedicat
2132 3123 2193 3178 re
2230 3112 2547 3181 Dominus
2579 3132 2661 3179 ex

546 3208 742 3288 Sion,
807 3206 884 3278 <5
921 3205 1141 3273 videas
1181 3206 1339 3274 bona
1374 3204 1732 3300 Jerusalem
1764 3206 2046 3275 omnibus
2081 3197 2466 3281 diebns'vitae
2493 3224 2661 3294 rme,

541 3306 620 3379 U
641 3306 860 3374 videas
873 3300 1637 3396 filiosfiliorumtuorum,
1692 3304 1768 3378 (Ἰ
1791 3307 2008 3375 videar
2016 3325 2223 3401 pacem
2234 3311 2413 3405 super
2439 3307 2691 3379 Israel.¹

539 3403 920 3494 Speremus
977 3423 1152 3498 ergo
1206 3406 1398 3476 bona
1445 3402 1825 3496 Jerusalem
1883 3404 2181 3479 coelestis
2213 3461 2239 3498 ,
2318 3407 2383 3479 δι
2437 3406 2697 3498 Sion,-

539 3502 847 3588 montis,
923 3502 990 3574 &
1029 3504 1222 3595 pacis
1271 3502 1538 3576 Israel:
1597 3505 1759 3595 quia
1802 3505 2008 3578 locus
2040 3505 2336 3580 Domini
2371 3508 2443 3578 in
2482 3524 2695 3598 pacea

544 3598 692 3690 est,
746 3601 814 3671 in
855 3600 1174 3675 Domino
1212 3602 1466 3675 nostro
1496 3601 1655 3698 Jesu
1683 3602 2029 3702 Christo,
2081 3608 2202 3702 qui
2238 3605 2340 3680 est
2373 3604 2665 3681 benedi-

547 3697 702 3773 &us
729 3699 805 3773 in
836 3699 1069 3776 secula
1100 3701 1528 3785 seculorum.
1591 3742 1600 3773 ι.
1626 3701 1887 3780 Amen.

2146 4234 2153 4239 ·
2256 4196 2567 4278 PSAL·
