3317 4900
290 466 338 547 u
467 453 522 502 ·'
626 448 663 529 S
711 450 1018 530 Humani!
1090 499 1180 504 «-

214 644 218 652 ¹
290 615 354 692 nisu
373 552 438 709 per
457 635 538 706 me,
569 611 750 688 Dominus
767 612 890 688 noster
906 611 1005 710 Jesue
1020 608 1197 706 Christum
1219 617 1282 711 quui
1298 617 1353 695 est

281 714 497 793 ¹benediiiue
517 717 556 790 in
569 712 685 788 secula
700 712 912 789 seculorum.
963 712 1092 787 Amen.

378 1114 382 1121 .
501 985 877 1126 usuumus
930 1047 1189 1161 cxxum„

498 1235 500 1244 ’
621 1247 814 1350 Canticum!
834 1245 1017 1346 graduum.

268 1441 271 1447 ·
361 1404 553 1484 comumnes,
576 1404 634 1495 qui
650 1404 769 1470 timent
785 1400 972 1484 Dominum,
996 1402 1052 1496 qui
1067 1396 1348 1475 ambulantium

294 1407 358 1582 B
384 1506 463 1597 ejus.
514 1498 652 1571 Labores
671 1492 979 1591 fruiiuumiuerum
995 1498 1216 1574 munducabis:
1243 1508 1351 1575 beatus,

289 1627 342 1693 cs,
368 1600 407 1674 (Ἰ
421 1600 493 1669 bene
506 1600 565 1669 nii
580 1603 653 1670 erit.
714 1602 802 1669 Uxor
815 1614 875 1669 tua
883 1598 961 1696 ficut
977 1605 1059 1671 uitis
1077 1598 1241 1673 ueniens
1251 1609 1290 1674 iu
1301 1608 1346 1675 lu·

291 1702 410 1771 teribus
428 1700 533 1768 domus
550 1693 622 1773 tue.
676 1698 758 1769 Filii
773 1703 823 1782 tui
831 1698 911 1791 ficut
929 1699 1053 1778 muellu
1065 1700 1223 1796 eiivurum
1236 1707 1273 1773 in
1282 1709 1350 1774 cir.

290 1806 378 1869 cuitu
394 1799 501 1888 mense
516 1814 589 1875 tue.
642 1795 721 1870 Ecce
729 1798 771 1898 fic
785 1798 980 1868 benedicetur
991 1804 1092 1869 cuuis
1108 1799 1208 1902 nomo,
1230 1812 1289 1901 qui
1304 1810 1349 1875 n·-

290 1916 354 1970 met
368 1902 554 1975 Dominum,
605 1901 775 1972 Benedicat
787 1914 818 1966 te
835 1899 992 1967 Dominus
1004 1922 1044 1968 ex
1053 1902 1152 1970 Sion.-
1175 1902 1347 1985 &uideam

290 2022 358 2097 que
370 1998 545 2085 suntiono
563 1999 739 2095 Jerusalem
751 1995 894 2066 omnibus
908 1998 1010 2067 diebus
1026 2003 1185 2077 uitaetuae.
1236 2005 1285 2077 Ee
1296 2009 1348 2075 vi.

290 2100 362 2170 deas
371 2100 462 2189 filios
471 2100 613 2192 filiorum
631 2115 774 2166 cuorum:
795 2094 962 2193 poxsuufer
983 2100 1098 2178 Israel,

376 2266 378 2276 ·
507 2250 870 2330 unncunuus
901 2253 1128 2334 usnimi
1165 2330 1195 2346 ,,
1243 2212 1247 2220 ’
1368 2233 1372 2247 ’

294 2417 325 2473 1.
342 2397 730 2570 Quotienscumque
748 2393 794 2470 de
812 2395 944 2471 timore
965 2393 1112 2471 Domini
1134 2396 1171 2473 in
1191 2396 1347 2492 Scriptu

457 2499 504 2568 ris
523 2497 574 2594 est
594 2496 731 2589 sermo,
769 2497 1122 2571 animadvertendum
1138 2495 1209 2591 est,
1248 2516 1346 2574 num·

292 2617 396 2688 quam
413 2617 494 2670 eum
511 2594 705 2671 solitarium
722 2597 894 2687 relinqui,
926 2609 1103 2687 tamquam
1118 2593 1348 2675 sufficientem

290 2697 396 2767 nobis
421 2696 463 2767 nd
490 2693 829 2769 consummationem
852 2693 955 2768 fideii
991 2694 1051 2770 sed
1076 2698 1198 2790 subjici
1215 2703 1347 2793 muita,

292 2809 354 2865 aut
372 2795 563 2886 anteferri,
590 2818 634 2867 ex
650 2795 777 2886 q'uibun
788 2797 927 2868 timoris
941 2794 1089 2870 Domini
1107 2802 1200 2871 ratio
1218 2801 1250 2871 &
1269 2822 1347 2892 per·

225 2893 230 2899 '
292 2890 401 2964 feciio
422 2895 657 2989 intelligatur:
683 2909 723 2967 ut
741 2889 990 2989 cognoscimus
1007 2919 1052 2969 ex
1072 2918 1143 2989 eo,
1171 2899 1267 2988 quod
1283 2917 1347 2992 per

290 2991 521 3066 Salomonem
536 2998 572 3065 in
591 2995 771 3088 prooemiis
786 2991 915 3066 diiium
933 2995 1002 3068 este
1027 2995 1062 3069 Si
1079 2996 1172 3069 enim
1185 2997 1349 3089 sapienti·

291 3113 346 3164 am
361 3092 529 3183 invoces,
558 3092 796 3165 &intelleiiui
813 3092 874 3165 des
892 3113 1024 3168 vocem
1039 3109 1151 3188 tuem,
1179 3094 1347 3189 &exqui-

290 3209 347 3264 ras
374 3211 450 3264 eam
473 3209 649 3282 tamquam
667 3207 874 3288 argentum,
911 3192 1139 3285 &tamquam
1162 3194 1348 3269 thesauros

289 3290 480 3386 investiges
497 3314 587 3384 eam,
613 3306 699 3363 tunc
708 3291 883 3388 intelliges
894 3294 1060 3367 timorem
1075 3293 1233 3368 Domini.
1283 3298 1350 3367 Vi·

290 3389 413 3463 demus
430 3392 544 3482 enim,
577 3392 715 3481 quantis
730 3412 844 3481 usque
863 3393 905 3463 ad
921 3395 1085 3467 timorem
1100 3391 1249 3465 Domini
1270 3416 1348 3489 gra·

290 3490 392 3577 dibus
409 3503 623 3582 perventum
638 3491 690 3563 fit.
740 3490 840 3562 Ante
854 3495 948 3564 enim
961 3492 1165 3564 invocanda
1177 3491 1345 3584 sapientia

290 3589 354 3681 est,
380 3590 540 3664 &omne
561 3590 699 3684 legendi
721 3587 876 3662 officium
892 3589 1085 3663 intelleciui
1109 3590 1160 3663 est
1175 3592 1348 3686 deputan-

289 3689 393 3779 dum,
428 3690 462 3760 δι
483 3689 719 3780 exquirenda,
753 3709 795 3760 ac
810 3690 1079 3786 pervestiganda
1093 3689 1279 3783 sapientia:
1309 3694 1345 3765 ἀ

289 3799 378 3858 tunc
403 3790 511 3861 timor
539 3784 685 3861 Domini
705 3783 967 3882 intelligendus,
1018 3789 1087 3862 Sed
1110 3807 1278 3881 qnantum
1299 3791 1344 3860 ad

290 3905 514 3961 communem
537 3887 696 3960 humanae
716 3889 899 3979 opinionis
922 3894 1077 3980 pertinet
1092 3887 1243 3974 sensum,
1267 3909 1344 3960 non

286 3987 337 4056 ita
357 3985 400 4054 de
418 3986 551 4059 ‘timore
573 3987 730 4061 sentitur.
781 3976 912 4058 Timor
931 3987 981 4061 est
997 3992 1090 4078 enim
1108 3990 1266 4063 humanae
1280 3989 1345 4061 im·
1375 4035 1378 4043 -

227 4170 229 4179 ,
287 4084 491 4159 beciilitatis
509 4084 717 4182 trepidatio,
741 4088 935 4160 metuentis
945 4085 980 4160 id
990 4090 1144 4184 perpeti,
1170 4084 1343 4258 q⁰⁰j¹f¹b¹

1195 4201 1246 4260 no
1262 4201 1291 4259 ii
