3317 4900
367 517 369 522 ,
468 365 1191 548 Tarcrarusr'rrCle'saarruir.
1295 451 1367 534 309

294 617 365 694 que
376 594 777 689 rationemsordinem,
801 613 1061 686 numerumque
1077 590 1203 668 sortite
1216 589 1273 685 fit,
1290 595 1363 670 ,vel

294 720 377 774 cum
391 694 707 790 superscriptiones
723 696 907 770 nonnulle
922 695 1044 776 aliter,
1070 712 1175 786 quam
1187 692 1361 767 Hebraeo·

293 820 372 874 turn
391 794 490 870 libris
511 795 770 887 continentur,
807 792 990 888 adscriptae
1006 792 1108 885 sunt,
1133 791 1196 866 vel
1217 813 1297 886 cum
1316 797 1359 870 ti·

292 899 358 972 tuli
377 898 518 990 plures,
543 915 624 968 cunr
642 895 730 968 nulli
749 893 839 987 int,
865 893 1110 987 preferantur.
1162 887 1253 968 Cum
1268 913 1356 989 ergo

290 1000 386 1072 ultra
411 995 539 1068 littere
566 994 776 1089 opinionem
804 994 960 1068 celsioris
988 993 1234 1088 intelligentie
1258 988 1358 1066 sensu

291 1091 712 1266 volumendigestumfiu
738 1089 1357 1188 oportuitidipsumdignofineconf

293 1194 407 1270 cludi:
439 1206 481 1268 ut
514 1195 689 1268 ecundum
713 1192 902 1289 gloriosam
923 1192 994 1288 spei
1017 1191 1146 1266 nostras
1166 1191 1357 1284 perfettio·

292 1316 376 1371 nem
399 1295 489 1369 liber
513 1313 658 1386 quoque
684 1295 774 1367 tanti
793 1293 983 1386 Prophetae
1002 1292 1356 1365 consummatus-cxi·

297 1393 417 1470 steret.
468 1390 624 1468 Primum
639 1395 783 1480 enimin
794 1414 874 1467 eum
886 1393 1126 1467 estnum'erum
1137 1392 1357 1484 distributus,

296 1495 356 1585 qui
378 1515 422 1566 ex
442 1493 625 1586 tripartito
643 1493 931 1590 quiuquagesimo
947 1513 1097 1566 numero
1114 1491 1200 1565 ellet
1211 1492 1357 1589 explan

295 1595 383 1685 dus,
409 1612 490 1666 cum
505 1612 624 1685 neque
639 1593 674 1666 in
693 1592 853 1666 Hebraeis
869 1613 1037 1666 numerus
1053 1591 1194 1686 singulis
1210 1594 1356 1681 quibus·

292 1715 364 1787 que
382 1712 572 1766 connexus
586 1691 648 1776 srt,
683 1691 891 1785 &plerique
909 1694 1002 1785 apud
1023 1690 1253 1783 eos-Psalmi,
1280 1709 1355 1790 quo

290 1794 409 1871 minus
429 1793 489 1865 hic
503 1791 653 1885 triplicis
674 1789 977 1886 quinquagesimus
994 1811 1160 1863 numerus
1180 1785 1356 1864 conveni·

290 1908 367 1979 ret,
396 1888 507 1984 iuneti
524 1888 615 1967 sunt.
664 1891 750 1966 Fuit
763 1911 853 1986 ergo
867 1890 904 1964 in
918 1889 1192 1964 translatoribus
1210 1890 1281 1962 hoc
1304 1890 1356 1962 in·

291 1990 498 2086 telligentiae
520 1988 703 2084 spiritalis,
734 2005 776 2063 ut
800 1988 1003 2086 congestam
1022 1990 1115 2063 hanc
1136 1988 1172 2061 in
1195 1989 1354 2080 plurimis

275 2090 612 2192 continuatamque
639 2087 760 2166 seriem
783 2093 1003 2183 partirentur
1019 2089 1055 2160 in
1074 2107 1278 2162 numerum:
1313 2100 1356 2162 ut

288 2187 512 2288 ¹Psalmorunr
533 2188 692 2264 omnium
706 2190 764 2264 hic
784 2190 818 2263 ἃ
835 2188 950 2279 ordo,
973 2189 1012 2262 u
1030 2206 1219 2278 numerus,
1246 2187 1356 2278 quiin
1379 2255 1383 2263 .

292 2289 349 2364 his
367 2287 737 2386 trisquinquagesimus
759 2286 830 2380 est,
865 2290 969 2383 pollit
985 2288 1142 2382 expleri3
1170 2284 1356 2377 totiusque

291 2390 372 2468 libri
392 2388 485 2464 idem
505 2388 564 2464 hic
583 2388 677 2481 quasr
692 2387 801 2463 status
820 2387 1018 2481 existeret„
1043 2387 1102 2480 qui
1122 2383 1225 2479 fidei,
1254 2386 1356 2461 'utin

294 2488 581 2585 quinquagesrmo
593 2487 728 2562 Psalmo
739 2489 1004 2580 centesimoque
1013 2484 1254 2569 trasiavimns,
1268 2508 1356 2578 quo-

292 2606 503 2681 rumonus,
529 2586 720 2664 secundum
739 2588 1065 2685 praescripturus,
1092 2584 1173 2679 post
1193 2585 1356 2659 sabbato·

291 2686 1356 2784 runrsabbataconfeffionempeccatiremiffionemquecorn-

291 2787 420 2882 plexus
438 2785 511 2879 est,
536 2788 623 2861 alius
640 2784 701 2860 sub
718 2789 875 2881 ejusdem
888 2789 1025 2861 numeri
1036 2780 1264 2878 'plenitudine
1278 2806 1356 2859 non

289 2886 547 2981 indulgentiam
565 2888 723 2981 peccati,
759 2885 817 2961 sed
836 2887 985 2961 frustum
1009 2884 1237 2977 officiumque
1255 2883 1355 2976 justi·

291 2988 350 3059 tiae
369 2985 653 3081 comprehendit.
705 2986 790 3061 Post
804 3008 881 3080 quae
897 2987 1032 3060 rursum
1044 2983 1216 3059 aedilicata
1229 2985 1300 3075 iam
1318 2984 1355 3076 in

291 3101 465 3162 eternum
488 3086 558 3159 Dei
579 3088 750 3178 civitate,
783 3089 818 3160 δι
831 3090 998 3162 omnibus
1018 3087 1061 3158 ad
1079 3074 1354 3181 glatulationenp

292 3187 370 3279 ejus
384 3186 594 3279 laudemque
611 3188 864 3278 commonitis,
891 3185 952 3259 sub
971 3186 1129 3277 ejusdem
1144 3180 1277 3256 rursum
1292 3203 1354 3255 nu·

292 3286 381 3361 meri
395 3283 574 3377 potestate
586 3284 720 3378 spesest
732 3283 1204 3374 consummataSanilorurm
1227 3283 1298 3373 jum
1313 3280 1356 3353 ad

294 3381 484 3477 spiritalem
502 3390 667 3459 omnibus
681 3386 830 3481 gloriam
843 3399 1075 3475 naturamque
1084 3382 1289 3457 renovatis:
1315 3394 1357 3451 ut

293 3482 464 3577 gradatim
482 3505 545 3578 per
564 3486 636 3559 hoc
654 3486 696 3557 ad
712 3484 783 3557 Dei
799 3482 1020 3557 consortium
1039 3486 1244 3572 veniretur,
1273 3500 1355 3554 cum

281 3594 527 3675 ¹peccatorum
549 3584 699 3662 remissio
725 3585 810 3657 uitae
825 3586 1068 3657 innocentiam
1086 3581 1258 3674 &judicii
1270 3600 1358 3653 con·

280 3678 457 3775 ¹stantiam
475 3701 687 3773 mereretur,
713 3684 799 3757 vitae
811 3699 931 3757 autem
946 3683 1153 3759 innocentis
1163 3678 1358 3773 jndiciique

295 3776 1191 3879 constantiaspiritalisgloriaesumeretdignitatern.
1239 3776 1360 3849 'Acsrc

295 3881 432 3961 omnia,
454 3880 681 3978 baptismum,
709 3878 935 3975 resurretiio,
962 3882 1359 3968 demutatiocnntlnen-

294 3995 369 4070 tur,
394 3999 474 4053 cum
492 3982 604 4073 prima
621 4002 689 4055 nos
707 3982 787 4055 libri
800 3983 906 4074 hujus
919 3979 1201 4074 quinquagesima
1214 3997 1361 4071 regene-

293 4095 351 4154 ret
373 4078 419 4151 ad
436 4080 702 4174 innocentiam,
728 4079 877 4172 sequens
899 4082 942 4152 ad
955 4080 1126 4177 juqicium
1146 4077 1363 4152 innocentio

293 4176 505 4257 resurreilio
522 4180 711 4277 perducat,
736 4183 845 4357 terga
861 4183 899 4253 in
915 4194 1079 4257 naturam
1093 4176 1372 4339 spititustglssx·

861 4301 885 4379 3
1216 4344 1219 4349 ,
1284 4293 1310 4337 c
