3317 4900
707 349 721 384 ἱ

344 467 396 549 qo
680 443 1071 525 &Batiana

344 627 497 703 opetum
517 607 721 683 nostrorum
732 609 844 681 latera
853 609 1025 684 extendit
1076 608 1272 685 Dominum
1283 621 1407 686 autem

342 729 420 784 non
443 708 631 804 ambigitur
655 696 730 782 hoc
756 709 878 783 anima
903 707 1033 781 nostre
1062 708 1132 783 etse
1163 711 1405 825 domicilium,

344 806 444 900 quod
462 808 799 900 unumquisque,
831 828 897 899 per
912 809 1078 882 timorem
1093 810 1166 884 Dei
1185 810 1308 883 &viat
1326 810 1404 901 ejus

342 909 526 1001 ineundo,
565 909 608 980 ad
625 908 882 981 habitationem
902 906 1090 1001 Sapientia
1106 909 1285 984 emundat.
1347 905 1408 1002 Ex

343 1009 440 1083 hac
430 1011 538 1104 igitur
551 1005 613 1081 hlii
634 1010 691 1099 qni
712 1022 839 1099 erunt,
867 1022 1044 1098 tamquam
1065 1010 1212 1081 novella
1226 1008 1406 1083 olivarum

343 1131 382 1184 tn
395 1105 681 1181 circuitumensae
695 1106 823 1180 nosttae
835 1121 949 1183 erunt
1000 1107 1113 1180 Non
1104 1129 1140 1179 m
1154 1109 1307 1181 circuitu
1318 1128 1407 1184 con

342 1210 435 1282 vivii
454 1206 597 1280 futuros
614 1210 661 1278 ait
682 1205 775 1298 esse,
811 1205 868 1278 sed
884 1207 1003 1295 mensa.
1066 1207 1188 1279 Mensa
1207 1208 1302 1283 enine
1315 1206 1408 1302 θοι,

342 1310 428 1386 mini
445 1306 517 1399 est,
547 1329 591 1379 ex
606 1327 673 1396 qua
690 1307 807 1379 'cibum
823 1306 1008 1397 sumimus,
1034 1310 1133 1398 panis
1149 1306 1285 1381 scilicet
1298 1308 1404 1381 ¹vivi:

344 1409 446 1502 cujus
464 1407 539 1479 haec
556 1406 672 1478 virtus
690 1405 760 1495 est,
787 1419 828 1476 ut
844 1405 916 1500 ipse
930 1409 1060 1477 vivens
1080 1428 1167 1499 eos,
1193 1410 1252 1498 qui
1266 1407 1301 1478 se
1315 1409 1403 1497 quo·

344 1529 414 1599 que
431 1507 625 1596 accipiant,
652 1503 830 1581 vivificet.
881 1503 1324 1579 Est&mensalesiionum
1342 1506 1409 1579 do·

342 1607 570 1686 minitatum,
608 1604 735 1698 inqua
762 1605 924 1698 spiritalia
956 1604 1124 1680 doetrinae
1153 1608 1237 1678 cibo
1265 1606 1404 1681 alimur.

298 1739 306 1762 ν
343 1706 414 1780 Sed
431 1705 489 1795 qui
508 1702 702 1778 dosirinam
723 1704 791 1776 Dei
807 1700 1069 1797 consectantur,
1097 1702 1170 1799 (de
1189 1726 1257 1796 qua
1269 1707 1305 1777 in
1315 1703 1406 1778 Psal-

244 1821 247 1828 '
340 1823 404 1881 tno
425 1804 495 1875 alio
515 1802 683 1897 scriptum
703 1803 771 1878 est:
796 1804 876 1878 Fiat
895 1803 1011 1878 mensa
1034 1813 1158 1877 eorum
1179 1823 1301 1878 totam
1321 1804 1403 1896 ipsis

340 1907 381 1980 in
400 1906 585 1995 laqueum,
606 1904 656 1975 ⁸&
673 1906 709 1978 in
733 1905 957 1996 captionem,
991 1902 1023 1974 hc
1044 1905 1079 1975 in
1102 1899 1403 1993 retributionem,

343 2004 377 2076 ἃ
394 2003 431 2076 in
447 2003 667 2091 scandalum3
703 2004 961 2095 inceptionem
981 2005 1073 2077 enim
1093 2005 1180 2092 illis,
1207 2005 1289 2076 &in
1305 2002 1406 2075 scan-

342 2102 460 2178 dalum
479 2106 595 2177 omnis
615 2102 802 2174 intellettae
824 2102 928 2193 ipstut
950 2104 1150 2194 prophetiae
1166 2103 1272 2176 ietiie
1292 2100 1405 2193 profi·

325 2202 445 2302 'cit:)
472 2199 800 2293 sedquidoiitinam
818 2201 889 2275 Dei
903 2201 1165 2293 consectentur,
1193 2202 1403 2293 nistinope·

340 2324 420 2377 tutn
441 2304 621 2379 bonorum
634 2299 1040 2391 ministeriovetsentut,
1067 2302 1194 2375 mensae
1207 2302 1300 2374 iilius
1315 2303 1401 2375 cibo

341 2423 418 2479 non
440 2400 644 2496 proficient.
694 2398 789 2474 Nam
810 2400 898 2474 sicut
914 2423 958 2475 ex
973 2404 1125 2496 conjuge
1143 2402 1264 2492 liberi,
1291 2402 1402 2474 itaex

341 2503 510 2622 sapientia
534 2505 640 2576 bonae
663 2502 864 2574 voluntatis
887 2522 997 2595 opera
1013 2516 1261 2593 procreantur.
1314 2502 1404 2574 Haec

341 2605 451 2700 igitur
479 2617 654 2693 tamquam
681 2603 830 2674 noveiia
861 2602 1039 2675 olivarnm
1065 2600 1216 2673 mensam
1246 2600 1404 2675 nostram

342 2705 604 2782 circumibunt,
639 2700 674 2772 id
702 2700 769 2790 est,
806 2690 975 2773 dotitinae
1002 2701 1130 2774 nostrae
1155 2701 1404 2796 cognitionem

342 2802 564 2895 optimorum
598 2799 691 2890 quast
717 2820 896 2873 ramorum
925 2798 1096 2872 fructibus
1123 2803 1400 2873 obumbrabunt.

340 2899 510 2974 Servavit
532 2913 650 2972 autem
672 2901 777 2973 etiam
804 2901 895 2972 hanc
917 2899 1099 2989 Propheta
1125 2902 1323 2979 tationem,
1361 2913 1403 2973 ut

341 3000 563 3092 neophytam
583 3001 715 3073 olivam
736 2999 885 3076 diceret,
912 2999 946 3068 id
968 2998 1031 3090 est,
1058 3020 1173 3090 nuper
1188 3001 1403 3091 plantatam:
1432 3038 1435 3043 ·

343 3100 425 3193 quia
449 3096 757 3191 persephonem,
790 3112 966 3188 tamquam
991 3100 1179 3192 conjugem
1198 3098 1401 3191 assumtam,

343 3201 444 3291 cujus
469 3194 532 3272 filii
550 3196 630 3271 sunt
645 3219 754 3289 opera
768 3195 904 3277 tidelia,
931 3198 1006 3269 haec
1029 3199 1150 3271 eadem
1170 3201 1205 3269 in
1226 3199 1292 3270 hac
1307 3213 1403 3270 terta

341 3298 455 3375 nostri
470 3300 839 3389 corporisplantatut.
891 3294 979 3370 Huc
999 3299 1105 3391 igitur
1119 3296 1276 3370 uxotest
1287 3298 1401 3370 modo

341 3402 429 3472 vitis
458 3397 668 3472 abundantis
699 3399 736 3468 in
759 3397 886 3469 domus
907 3396 1035 3469 nostrae
1062 3398 1231 3470 lateribus
1256 3396 1400 3470 diffusa:

341 3498 378 3576 hi
392 3497 473 3577 filii,
499 3495 612 3584 idest,
640 3518 684 3566 ex
703 3498 763 3567 tali
784 3497 940 3592 conjuge
955 3517 1064 3589 opera
1079 3507 1287 3590 procreata,
1315 3511 1405 3569 tam·

342 3619 447 3691 quam
469 3600 636 3692 plantate
663 3596 772 3666 olivae
793 3597 829 3666 in
859 3595 984 3668 mense
1011 3596 1139 3668 nostre
1158 3597 1311 3667 circuitu
1332 3595 1408 3668 assi·-

340 3696 445 3772 stent.
482 3696 546 3789 ¹Et
566 3697 646 3785 quia
666 3694 743 3766 haec
758 3697 958 3767 timentium
984 3694 1102 3768 Deum
1120 3696 1307 3768 beatitudo
1330 3694 1400 3778 esta

340 3793 524 3888 Propheta
539 3793 706 3886 subjecita
735 3795 811 3865 Ecce
820 3795 865 3889 fic
886 3796 1076 3865 benedicetur
1096 3796 1319 3874 omnishomo,
1343 3801 1402 3891 qui

341 3901 433 3967 timet
455 3902 639 3967 Dominum.

446 4014 500 4065 11.
525 3995 691 4089 Jungitut
711 3991 752 4065 ad
768 3992 927 4064 timentis
944 3994 1108 4065 metitum
1125 4004 1161 4062 et
1163 3994 1228 4065 iam
1246 3990 1403 4083 Prophe·

312 4138 317 4145 ·
342 4107 388 4170 te
408 4109 538 4168 votum
559 4091 728 4169 dicentia:
761 4096 932 4166 Benedicat
953 4109 984 4165 tc
1003 4097 1160 4164 Dotninut
1179 4119 1218 4166 ex
1234 4093 1401 4178 Sion&

1259 4197 1350 4264 vidt-
