3317 4900
341 463 388 544 16
487 513 518 550 .·
671 460 709 542 8.
759 461 1082 540 uttattn

286 675 295 686 ·
338 625 514 721 terrenis,
547 623 762 702 &incolare
780 624 956 722 calestia,
983 640 1025 703 ut
1038 625 1212 704 derelictis
1227 627 1412 724 prasentia

337 729 428 823 boa,
461 725 698 820 consequatur
715 726 903 801 invisibilia
921 729 955 800 ἀ
976 740 1129 802 aeterna:
1161 729 1316 824 ideoque
1334 735 1409 810 ait:

437 831 510 901 Hta
531 821 595 899 me!
630 830 709 926 qaod
728 831 885 899 incolatus
905 854 989 899 meas
1001 832 1198 922 prolongatas
1212 831 1272 927 ati:
1306 834 1405 904 babi-

339 931 415 1002 tavi
431 952 501 998 eam
522 926 781 1000 inhabitantibus
805 931 916 1000 cedar.
967 925 1084 1003 Cedat
1102 951 1190 1024 gena
1211 929 1263 1004 est
1276 927 1407 1006 lamae·

337 1030 483 1104 litatum
498 1024 637 1102 deserta
649 1029 838 1120 incolens,
865 1028 966 1120 quus
983 1026 1072 1102 fines
1088 1050 1203 1120 utque
1218 1029 1351 1116 Medos
1369 1034 1408 1108 bt

338 1125 461 1204 Persae
483 1128 731 1222 proferuntur.
782 1124 898 1202 Cedat
927 1129 1020 1202 enim
1042 1129 1170 1203 lamael
1194 1125 1290 1203 filius
1315 1130 1406 1227 fuit,

339 1226 472 1303 Genefi
487 1227 650 1303 testante.
705 1231 917 1314 Primitivus,
941 1227 1081 1319 inquit,
1110 1230 1222 1301 ismael
1231 1234 1412 1320 Navaatb„

338 1329 379 1408 Θ
408 1331 516 1402 otti.
577 1329 625 1402 Hi
644 1327 724 1402 sunt
744 1348 843 1406 nnnc
865 1327 1033 1401 Saraceni
1055 1330 1265 1421 nuncupati.
1327 1333 1406 1434 Qui

339 1449 429 1526 crgo
452 1426 608 1504 Psalmoa
631 1427 717 1501 istos
739 1442 887 1503 terreno
903 1428 1050 1524 ingen-io
1071 1429 1325 1524 intelligendos
1340 1453 1407 1524 pu·

339 1540 532 1621 taverunt,
565 1527 601 1600 id
628 1529 760 1603 volunt
779 1549 825 1602 ex
849 1527 1001 1622 persona
1019 1529 1146 1621 popuii
1164 1531 1299 1622 captivi
1314 1529 1406 1604 Pro-

337 1630 484 1726 phetam
507 1627 740 1719 conquestum
761 1623 894 1720 fuine,
922 1627 1021 1720 quod
1043 1628 1079 1702 in
1101 1629 1313 1702 habitaculis
1334 1628 1410 1716 Ce-¹

339 1731 404 1804 dat
422 1730 554 1825 longua
565 1728 614 1800 illi
625 1728 765 1821 populo
778 1726 888 1802 fuerit
902 1728 1091 1801 incolatur.
1142 1727 1213 1802 Sed
1227 1730 1405 1806 virtutem

340 1829 448 1904 verbi
475 1849 551 1902 non
576 1827 624 1902 stc
647 1829 848 1924 intelligere
874 1827 1065 1901 debemus:
1105 1822 1222 1902 Cedat
1241 1831 1336 1902 enim
1351 1828 1405 1906 se·

340 1928 496 2004 cundum
522 1926 735 2005 Hebraicam
754 1928 933 2024 linguam,
965 1941 1008 1999 ut
1032 1927 1222 2002 nobiscum
1242 1949 1405 2022 pronun.

338 2032 470 2111 tiatur,
511 2025 715 2102 obscuratio
742 2024 804 2101 est.
873 2024 1043 2100 Meminit
1060 2026 1164 2122 hujus
1183 2031 1404 2106 tabernaculi

232 2157 242 2168 ··
338 2126 476 2223 Sponsa
490 2127 550 2202 ilia
565 2127 602 2204 in
615 2127 772 2202 Canticia
793 2127 1018 2204 canticorum
1035 2126 1178 2202 dicens:
1204 2132 1311 2222 Nigra
1320 2133 1402 2226 sam,

341 2229 381 2310 U
393 2228 690 2325 samasasuntfilia
702 2227 910 2317 Hierusalem,
932 2226 1011 2322 ficut
1030 2223 1279 2302 chtrttacttlttm
1289 2233 1402 2304 Cedat.
1445 2249 1448 2284 ἰ

342 2385 345 2394 .
436 2328 618 2421 Propheta
635 2347 726 2424 ¹ergo
751 2327 833 2419 quia
854 2327 1059 2418 iniquorum
1083 2325 1324 2420 consortium,
1365 2330 1401 2404 bt

266 2484 271 2501 ,
338 2428 601 2509 habitationem
619 2445 745 2504 eorum
764 2429 802 2504 in
820 2426 1018 2502 obscuratis
1032 2426 1176 2519 odiret,
1202 2428 1287 2501 ideo
1303 2431 1377 2505 titt

439 2529 592 2605 Multam
609 2526 1006 2622 muciefaitattimamt03
1031 2528 1173 2624 cumbis,
1197 2533 1401 2626 quiadattmt

336 2650 461 2731 pateat,
493 2652 582 2703 etam
596 2631 764 2729 pacificas,
797 2628 1143 2728 untiquitariae,
1174 2632 1402 2727 impugnabant
1446 2724 1448 2737 Ι

338 2736 513 2828 magtatit.

434 2827 525 2905 Erat
539 2827 681 2921 quidem
697 2824 882 2923 Propheta
898 2825 1068 2922 pacificus
1083 2849 1166 2903 curn
1177 2830 1273 2922 pacit
1289 2829 1401 2905 inimi·

338 2930 415 3027 cita
440 2926 501 3004 sed
518 2928 808 3024 pradicationem
825 2929 930 3020 ipsius
952 2929 1123 3019 oderant,
1150 2929 1184 2999 ἃ
1202 2951 1222 3000 a
1241 2928 1402 3003 doctrina

306 3078 309 3085 -
337 3026 412 3105 Dei
434 3029 772 3105 commovebantur.
824 3028 905 3136 ῌοε
928 3047 1014 3123 ergo
1038 3026 1207 3101 modestia
1232 3026 1290 3099 sua
1316 3029 1402 3102 Pro·

364 3126 450 3203 heta
472 3129 509 3203 in
530 3148 620 3224 pace
645 3128 860 3209 cohibebat:
885 3126 1042 3220 ideoque
1062 3127 1253 3217 praedicare
1273 3149 1401 3217 pacem

337 3150 522 3325 graphan
541 3250 617 3303 non
630 3227 776 3322 definit,
803 3225 861 3302 sed
872 3228 969 3328 pacis
983 3227 1254 3320 predicatorem
1264 3226 1403 3303 inimici

337 3330 436 3427 pacit
457 3331 677 3427 impugnant.

468 3500 470 3505 .
624 3446 798 3503 mantem
821 3446 988 3501 nsannoa
1016 3446 1114 3500 cxrx.

599 3713 738 3791 ΗΑ
763 3716 796 3791 L
821 3714 973 3791 MUS
1024 3713 1181 3849 ⁰th

675 3864 863 3941 Canticum
887 3867 1069 3964 graduum.

402 4024 502 4093 tanai
521 4012 720 4093 multitatem
743 4022 781 4089 itt
807 4034 948 4112 mantas,
985 4018 1190 4093 anteveniet
1205 4018 1400 4118 adjutoriam

430 4120 522 4203 mibi.
580 4121 874 4215 Auxiiitmltatttm
896 4145 917 4193 a
941 4121 1098 4217 Domina,
1121 4126 1183 4220 ‚qui
1193 4121 1279 4214 latit
1293 4117 1402 4295 egam
