3317 4900
314 491 384 548 aoa
650 461 687 544 8.
736 463 1042 546 littam

314 631 371 712 siis
388 629 425 705 in
446 628 560 726 gloria
574 625 626 704 est
639 627 710 703 Dei
727 629 850 722 patris.
902 627 944 704 ln
962 650 1010 703 eo
1027 629 1138 723 enim,
1163 631 1391 726 perdatur

315 735 347 806 ei
372 752 507 805 nomen
525 729 628 826 super
645 749 913 821 omnenomen,
937 749 1046 804 manu
1060 750 1102 804 ac
1116 731 1294 823 potestate
1307 735 1387 816 Dei

314 834 427 932 patris
446 831 481 906 in
498 831 728 928 glomaiplrus
744 829 857 902 homo
878 826 1061 923 susceptus
1075 829 1271 913 assumitur.

418 953 474 1016 as.
503 929 636 1004 Pennas
654 943 770 1002 autem
783 928 827 1001 ad
846 928 1128 1005 demutationem
1146 944 1383 1012 terrenorum

312 1049 512 1128 corporum
525 1031 561 1104 in
575 1026 761 1125 spiritalem
773 1041 1055 1120 atqueaeternam
1064 1042 1230 1106 naturam
1238 1035 1384 1131 referri,

311 1133 528 1226 prophetica
546 1129 733 1204 audloritas
747 1125 820 1220 est,
847 1149 929 1203 cum
944 1128 989 1202 ad
1003 1133 1150 1220 inopem
1165 1127 1252 1206 fidei
1267 1133 1303 1208 dr
1316 1138 1384 1210 bo·

311 1251 445 1306 norum
473 1251 622 1322 operum
645 1248 837 1320 pauperem
861 1228 1009 1304 dicitur:
1044 1228 1107 1304 Ne
1124 1232 1303 1308 extendas
1321 1249 1383 1331 te,

313 1351 396 1404 cum
409 1331 450 1404 lis
467 1348 612 1424 pauper,
638 1327 757 1417 diviti,
784 1325 884 1401 sensu
901 1329 1266 1407 autemtuoabstine:
1291 1331 1385 1426 pso·

311 1430 457 1528 paravit
479 1431 571 1504 enim
591 1426 653 1502 sibi
674 1448 809 1519 pennas
822 1443 865 1501 ut
886 1429 1023 1519 aquila,
1062 1428 1098 1502 dt
1111 1439 1325 1505 revertetur
1345 1437 1383 1511 in

310 1533 457 1606 domum
468 1530 556 1621 ejus,
583 1527 640 1619 qui
650 1526 826 1620 praeestei.
871 1526 1383 1624 Pauperemextendentemse

311 1631 348 1704 in
361 1629 379 1700 s
374 1653 435 1722 pes
445 1630 567 1702 divitis
576 1631 703 1722 arguit.
719 1625 1278 1723 quodinfidelitatissuaeinopirm
1288 1630 1385 1707 fide·

311 1731 398 1804 lium
418 1743 580 1818 exspuet
601 1729 806 1820 opulentis.
868 1726 985 1802 Dives
1004 1729 1099 1802 enim
1118 1747 1191 1804 non
1206 1727 1383 1807 humanis

310 1831 463 1922 opibus,
497 1827 555 1901 sed
571 1827 767 1900 coeltstibus
786 1825 977 1920 thesauris,
1012 1841 1116 1923 parat
1133 1827 1194 1904 fibl
1207 1849 1374 1924 pennas,

311 1933 440 2018 numus
457 1943 663 2002 revertatur
674 1929 709 2001 in
723 1928 972 2021 domum-ejus,
998 1927 1193 2021 quipraeest
1203 1928 1248 2004 ei.
1294 1929 1376 2004 Re·

308 2045 477 2104 terretur
492 2029 610 2114 enim,
636 2027 731 2100 unde
745 2025 898 2117 decidit,
921 2028 1019 2100 unde
1035 2028 1072 2101 in
1091 2043 1248 2123 peceato
1269 2032 1379 2124 primi

308 2129 464 2206 hominis
485 2126 648 2222 expulsus
666 2124 727 2200 est.
778 2122 826 2199 Et
840 2127 920 2218 quis
934 2126 986 2200 est
998 2126 1073 2210 iste,
1098 2129 1200 2220 cuius
1217 2127 1297 2204 hac
1311 2129 1377 2204 do·

307 2251 387 2308 mus
413 2229 485 2312 esta
524 2229 556 2302 dr
581 2226 695 2318 quisi
721 2224 871 2321 praeestl
905 2226 1048 2321 Nempe
1068 2227 1149 2320 ille,
1186 2229 1251 2318 qui
1267 2229 1374 2306 dixit:

311 2331 431 2406 Amen
448 2331 531 2404 dieo
546 2329 631 2417 tibi,
658 2324 766 2400 hodie
781 2345 921 2401 mecum
935 2329 1003 2400 eris
1017 2330 1052 2398 in
1062 2325 1237 2420 paradiso.
1294 2329 1372 2403 Me·

306 2435 410 2511 minit
430 2431 558 2505 &alini
577 2428 713 2519 dicens,
741 2445 820 2499 cunr
837 2425 883 2500 de
896 2425 1096 2523 spiritalium
1116 2424 1293 2502 indefelsa
1303 2431 1370 2522 iam

306 2536 507 2609 eternitate
522 2528 706 2603 uariaret:
732 2524 1018 2623 Pennigerabunt
1036 2541 1210 2618 tamquam
1228 2531 1368 2622 aquile,

307 2648 469 2709 naturam
486 2630 654 2705 evolandi
675 2628 712 2699 in
731 2626 858 2699 coelum
879 2628 915 2699 in
932 2625 1193 2699 resurresiionis
1207 2627 1369 2703 demuta-

305 2732 408 2805 tione
423 2731 577 2805 l'umruri.
630 2727 698 2799 Sed
714 2726 773 2801 hic
789 2746 923 2818 pennas
940 2725 1043 2801 sumit
1058 2729 1265 2819 volaturus,
1293 2750 1366 2803 non

304 2830 450 2913 alienas,
476 2852 549 2901 nen
565 2849 697 2917 noras,
723 2823 780 2898 sed
795 2826 1025 2921 proprietatis
1040 2824 1365 2921 usurpationeprae·

302 2926 453 3001 sumtis:
480 2929 558 3017 quia
577 2927 656 3019 post
671 2925 831 3017 passionis
853 2927 1067 3000 voluntariae
1083 2924 1361 3017 sacramentum,

303 3026 513 3199 &hsmugss’
539 3026 572 3098 dr
591 3023 777 3123 potestatis
793 3045 929 3118 pennas
946 3025 990 3099 ad
1006 3027 1133 3102 coelum
1148 3023 1184 3100 se
1198 3026 1363 3101 habuerit
1408 3030 1410 3077 Ι

300 3142 438 3205 esron
466 3144 487 3196 r.

403 3242 459 3309 as.
486 3218 653 3313 Sequitur
675 3225 780 3301 etiam
806 3221 902 3298 idem
928 3224 1021 3298 ordo
1038 3223 1236 3317 dierorum,
1265 3227 1360 3300 &ex

297 3324 484 3408 turiusque
505 3337 640 3394 naturae
654 3326 902 3420 intelligentia,
927 3324 1082 3398 hominis
1098 3323 1235 3399 scilicet
1248 3329 1282 3400 dt
1295 3327 1361 3399 Dei

293 3420 410 3501 sermo
429 3417 597 3493 decurrit.
649 3422 715 3494 Ait
734 3429 847 3498 enim:
876 3426 923 3496 Er
946 3426 1037 3494 dixi.-
1064 3426 1206 3516 llrfitan
1224 3428 1358 3498 tenebra

293 3517 514 3595 mulcebant
538 3542 595 3593 me.
657 3522 747 3594 Vox
768 3525 830 3597 ista
852 3524 1005 3596 hominis
1031 3523 1100 3598 elle
1115 3523 1356 3617 existimatur,
1408 3546 1410 3559 ·

292 3618 373 3711 qula
391 3614 536 3688 videtur
555 3616 763 3708 quibusdam
781 3635 842 3695 aut
858 3623 1081 3717 irreligiolis,
1108 3636 1169 3696 aut
1181 3625 1356 3719 imperitis

292 3716 356 3795 sub
368 3715 429 3786 illa
442 3714 604 3805 paffionis
619 3717 809 3794 timiditate
826 3716 1022 3814 trepidare:
1049 3724 1141 3815 quasi
1155 3744 1251 3796 vero
1263 3746 1356 3799 nunc

291 3814 407 3893 sermo
433 3813 497 3888 iste
520 3815 659 3889 timoris
686 3817 833 3909 alicujus
859 3820 987 3893 habeat
1009 3823 1286 3918 profellionem,
1323 3825 1354 3895 dt

289 3934 366 3993 non
388 3917 497 4010 magis
515 3912 687 4013 susceptae
706 3920 834 3991 mortis
852 3917 1101 4014 significaverit
1125 3926 1350 3999 voluntatem

288 4014 391 4093 nulio
411 4012 488 4105 ejus
507 4029 606 4087 metu
624 4026 821 4090 ae'terrore
840 4020 1001 4112 praelato.
1061 4021 1151 4096 Non
1170 4027 1268 4098 enim
1287 4026 1350 4096 ait:

286 4112 466 4192 Tenebrae
484 4116 751 4193 conculcabunt
766 4140 847 4211 me;
880 4116 940 4193 sed
956 4122 1022 4195 ait:
1055 4124 1200 4222 llirfitan
1214 4127 1349 4197 temlrae
1408 4149 1410 4157 ¹

305 4258 439 4340 ἡ
1104 4273 1107 4277 -
1177 4228 1305 4298 roncul-
