3317 4900
326 465 376 544 72
488 483 490 490 ·
665 383 1056 548 sillanus

264 653 270 662 ·
330 599 401 680 ties
422 621 504 678 cum
520 600 585 679 lib.
605 597 651 674 de
671 611 746 678 nnt.
763 606 798 678 ἃ
814 615 1000 701 gratnm
1023 599 1300 698 contrellullen.
1318 623 1401 682 non

332 703 502 796 Zenoni,
527 700 587 776 sed
606 701 747 776 Hilario
769 704 943 777 attribuit.
995 699 1142 776 Erravit
1157 702 1402 799 Hincnnnrue5

334 815 501 880 errarunt
522 801 557 874 δι
575 801 648 894 ulii,
675 816 860 894 quotquot
877 801 1005 876 Hilarii
1020 801 1056 875 in
1075 801 1403 880 Plalnoetestimo·

334 905 399 980 nio
417 899 451 976 se
471 902 525 974 uti
543 899 810 995 existimarunt,
836 923 918 978 cum
931 901 1094 980 Zenonis
1111 904 1224 977 verbe
1241 903 1277 977 in
1292 904 1400 978 medi·

227 1063 232 1074 .
334 1025 396 1078 um
410 1000 629 1095 proferrent.
674 999 833 1095 ¹AEquiue
848 1003 913 1097 est,
937 1015 980 1076 ut
997 1001 1403 1078 colletiionemSermo-

334 1123 421 1180 num
444 1103 609 1193 illorum,
646 1102 713 1194 qui¹
726 1101 886 1180 Zenonis
908 1105 1058 1176 nomine
1079 1100 1404 1197 circumferuntur,

336 1202 501 1295 quamvis
527 1201 741 1292 antiquam,·
766 1201 893 1276 Hilarii
917 1217 1036 1276 temen
1060 1222 1142 1275 aevo
1164 1200 1403 1297 posteriorem

336 1301 409 1378 effe
434 1299 681 1374 existimemus.
739 1297 860 1376 Autst
889 1303 968 1394 quis
991 1302 1192 1377 contendet
1214 1303 1308 1376 iilum
1328 1303 1406 1395 ejus

247 1483 250 1499 ,
293 1395 296 1406 '
335 1401 498 1482 Zenonis
516 1397 610 1491 elle,
647 1399 707 1489 qui
722 1398 892 1476 Gallieno
905 1403 1105 1498 inperante
1121 1404 1272 1495 vixerit,
1306 1415 1407 1477 certe

337 1501 519 1576 concedat
542 1496 681 1573 neceffe
704 1498 755 1573 est
774 1522 851 1576 eam
867 1501 1095 1596 postmodum
1115 1503 1237 1575 alienis
1254 1502 1410 1594 opuscu-

337 1602 383 1687 lis
402 1598 552 1692 auitam,
578 1619 659 1673 cum
678 1618 753 1672 non
773 1601 899 1676 Hilarii
914 1601 1043 1694 modo,
1070 1601 1127 1676 sed
1143 1602 1176 1676 ἃ
1191 1601 1303 1675 Basilii
1316 1601 1407 1676 Tra·

340 1698 657 1877 tiatibttfisnaliquot
682 1700 847 1778 constare
861 1702 1020 1797 prudens
1038 1703 1188 1797 quisque
1207 1721 1284 1776 non
1301 1723 1409 1802 nega-

359 1821 442 1874 usus
616 1845 625 1870 .

600 2137 921 2216 PSALMUS'
955 2137 1146 2216 CXXVI.
1223 2237 1233 2266 ν

559 2334 750 2412 Conticum
777 2338 950 2435 graduum
975 2284 1191 2416 Salomonis.

415 2490 460 2590 ifi
471 2492 632 2563 Dominus
647 2490 819 2579 edificavit
834 2492 967 2576 demum,
994 2494 1032 2559 in
1041 2514 1163 2572 nostum
1172 2488 1414 2582 laboraverunt,

344 2494 423 2675 N
448 2594 504 2689 qui
527 2591 690 2686 adifieont·
705 2614 784 2664 eom.
837 2593 910 2688 Mst
933 2595 1093 2661 Dominus
1109 2590 1283 2688 custodierit
1298 2598 1414 2665 civito·

344 2710 429 2785 tem,
462 2695 499 2762 in
518 2714 641 2763 vonum
660 2692 835 2781 vigilavit,
868 2696 925 2789 qui
939 2692 1082 2786 custodiet
1095 2713 1173 2762 enm.
1235 2695 1276 2764 ln
1291 2717 1415 2764 vonum

344 2793 386 2889 ιβ
409 2778 496 2862 nobis
522 2806 599 2862 anie
622 2790 720 2859 iucem
741 2791 883 2883 surgere:
908 2790 1049 2883 surgite,
1076 2791 1236 2889 postquam
1245 2793 1413 2881 sederitis,

344 2897 404 2993 qui
423 2891 621 2963 munducatis
639 2910 754 2987 ponem
772 2890 902 2960 doloris.
964 2895 1044 2960 Cum
1065 2893 1184 2963 dederit
1210 2892 1330 2965 litenis
1345 2895 1415 2978 suis

340 2994 504 3087 somnum,
538 3014 599 3061 ecee
616 2988 782 3061 hareditas
802 2994 935 3061 Domini
946 2991 1035 3081 filii,
1059 3015 1169 3062 merces
1177 2992 1312 3083 sentius
1331 3018 1414 3063 nen·

230 3108 233 3115 '
346 3097 424 3170 teis.
473 3094 566 3163 Sicut
586 3089 707 3184 [agilia
727 3095 764 3158 in
780 3114 878 3161 manu
894 3096 1045 3185 potentis,
1071 3093 1200 3183 itofilii
1215 3091 1417 3184 exeufforum.

348 3195 551 3284 Beniamin,
575 3198 631 3290 qui
646 3190 791 3287 implevit
808 3191 985 3286 defiierium
995 3190 1087 3279 suum
1100 3216 1137 3261 ex
1153 3192 1241 3287 ipfis:
1267 3220 1333 3264 non
1345 3219 1417 3265 sen·

222 3357 226 3366 .
291 3334 295 3341 ·
342 3292 550 3391 senisenni,
571 3315 639 3363 sum
656 3288 829 3388 loquentur
845 3296 988 3360 inimicis
1000 3290 1068 3379 fisis
1088 3295 1125 3361 in
1136 3308 1243 3389 porto.

573 3448 934 3528 TRACTATUS
966 3448 1190 3528 PSALMI.

350 3624 385 3787 ἶ·
401 3599 1420 3796 li‘tulitinl‘llill‘liglllilpzll

348 3802 402 3878 lat
420 3800 656 3901 diligentiam:
679 3819 726 3873 ne
742 3798 841 3873 forte
858 3820 926 3872 nos
939 3799 981 3871 ad
994 3800 1134 3873 inanem
1146 3801 1416 3899 intelligentiam

351 3898 514 3975 absoluta
536 3898 695 3993 quedam
716 3900 912 3973 verborum
933 3896 1088 3995 species,
1128 3899 1161 3972 tt
1183 3900 1256 3994 ipse
1276 3905 1335 3974 ille
1356 3923 1415 3994 ge·

350 3998 489 4080 storum
507 3999 750 4095 corporalium
764 4000 858 4071 ordo
872 3998 1060 4071 sollicitet:
1086 4001 1324 4074 maximecum
1339 4004 1416 4094 plu·

351 4118 425 4201 tes,
449 4099 643 4185 interiores
660 4096 778 4175 causat
789 4097 959 4175 donnino
974 4099 1419 4275 propheticaenescisentes,

397 4260 400 4267 .
1305 4222 1366 4276 en·
