3317 4900
598 515 647 570 ru
672 494 867 573 Scurrru
886 477 1095 572 'Hiram
1130 493 1135 502 '
1348 513 1377 568 v

303 669 417 751 quare
431 671 491 731 me
508 654 752 749 dereliquisti?
777 656 848 733 Sed
860 619 1095 752 ¹relinquitur,
1120 654 1202 750 quia
1217 666 1294 730 erat
1307 655 1374 729 eti·

255 844 261 854 .
303 795 362 851 am
378 789 500 851 morte
518 776 790 874 peragendumi‘
1041 791 1044 796 ·

406 890 463 968 Εο
479 896 555 971 fere
568 896 827 976 modoeodcm
839 896 1120 977 Commentario
1135 917 1212 992 cap.
1228 918 1264 989 3.
1286 901 1319 989 §.
1332 917 1368 974 2.

299 1015 460 1091 Hilarius
476 1016 543 1089 ait:
567 1013 692 1107 „Cum
706 1014 827 1090 esuriit
843 1016 1037 1110 Dominus,
1058 1015 1369 1092 ¹nonincdiusub·

300 1134 410 1227 repsit
422 1136 604 1228 operatio,¹
628 1134 686 1209 sed
701 1138 817 1209 virtus
827 1137 891 1212 illa
902 1137 1133 1232 quadraginta
1144 1135 1278 1210 dierum
1289 1122 1367 1210 non

298 1268 401 1366 mota
417 1256 556 1349 jejunio
574 1268 709 1329 nature
718 1255 786 1330 suae
802 1258 987 1332 hominem
1002 1256 1204 1347 dereliquit.
1214 1257 1242 1298 “
1291 1254 1367 1330 Ne·

298 1391 362 1449 mo
383 1391 483 1449 certe
503 1375 750 1469 suspicabitur,
773 1377 946 1452 Hilarium
965 1379 1058 1452 hanc
1075 1373 1365 1482 dereiidiionemp

299 1513 370 1586 qua
383 1495 583 1588 hominem,
609 1509 651 1569 ut
666 1494 796 1569 esurire
810 1496 943 1589 posset,
968 1512 1104 1571 naturae
1120 1494 1362 1598 suaeaVerbo

295 1601 505 1698 dereliiium
521 1614 591 1695 esse
608 1616 749 1705 docuit,
767 1613 981 1690 substantiali
993 1616 1216 1711 separatione
1232 1605 1361 1726 fasiani

297 1732 533 1833 existimasset·
560 1717 683 1825 quidni
703 1733 827 1809 eadem
843 1738 985 1812 ratione
1000 1734 1184 1830 censeatur
1201 1733 1369 1827 ejusden

293 1853 452 1930 hominia
473 1854 763 1954 derelidiionem‚
800 1866 843 1926 ut
859 1856 954 1928 mori
970 1856 1106 1948 posset,
1141 1855 1239 1928 salve
1254 1854 1288 1929 δι
1305 1853 1358 1931 ἰιι·

295 1974 433 2077 columi
446 1971 659 2050 substantiali
681 1971 1177 2070 ‘conjunctione-predicaret
1325 2007 1329 2012 ·

395 2092 480 2165 Huc
494 2093 601 2186 iacit,
627 2096 725 2187 quod
740 2092 1285 2191 cumspiritusnomine'divinam
1299 2111 1359 2168 na·

227 2309 229 2314 Ι
294 2221 413 2287 turam
437 2231 556 2307 prope
579 2215 711 2305 ubique
736 2214 932 2312 intelligat,
966 2214 1062 2310 libro
1085 2223 1204 2286 tamen
1231 2232 1287 2286 10.
1313 2210 1360 2284 de

293 2328 428 2408 Trinit.
445 2332 477 2429 ᾗ.
494 2335 553 2406 61.
571 2332 771 2407 contendat
789 2351 865 2405 eam
881 2333 935 2405 hie
951 2334 1089 2407 verbis:
1116 2332 1358 2427 tradidirspiri·

292 2443 383 2535 tunm
413 2454 515 2527 nullo
531 2452 637 2548 padio
656 2454 809 2554 ¹intelligi
826 2451 938 2545 posse
989 2452 1118 2546 „Nam
1138 2450 1281 2544 spiritu,
1307 2451 1359 2525 in·

291 2568 393 2665 quit,
426 2572 637 2666 frequenter
658 2569 842 2669 fignificari
859 2572 1028 2665 animam,
1061 2593 1138 2646 non
1153 2572 1356 2666 ambiguum

293 2688 370 2782 est,
396 2693 459 2765 vel
477 2714 524 2779 eu¹
539 2693 613 2767 hoc
629 2691 738 2785 ipsos
757 2691 856 2784 quod
875 2688 972 2785 Jesr'ts
993 2678 1189 2766 moriturus
1210 2689 1355 2777 tradidit

290 2805 524 2901 spiritum.“'
564 2815 686 2910 Quare
707 2812 770 2884 vel
793 2796 840 2882 err
864 2810 936 2883 hoc
954 2810 1030 2903 ipso
1055 2832 1133 2908 non
1152 2812 1354 2906 ambiguum

290 2925 365 3020 esi,
391 2929 455 3004 nist
474 2931 555 3024 quia
575 2952 651 3005 non
673 2930 874 3026 ambiguum
892 2930 1012 3004 censet
1020 2954 1041 3025 p
1060 2932 1353 3029 solamanimam,

291 3065 370 3127 non
396 3051 502 3125 etiam
528 3051 726 3125 divinitatii
740 3051 856 3123 Verbi
881 3044 1104 3158 substantiam
1130 3051 1352 3126 emorientis

291 3161 421 3241 christi
441 3188 599 3263 corpore
612 3168 807 3245 recedisse?
855 3210 862 3233 κ

391 3287 475 3363 Alia
498 3288 614 3385 rursus
639 3292 749 3388 magis
770 3286 954 3394 perspicua
969 3289 1012 3362 ad
1035 3291 1139 3364 allata
1157 3286 1269 3361 verba
1289 3304 1352 3356 oc·

292 3409 405 3481 currit
427 3407 628 3505 responsio:
659 3409 758 3505 ¹quod
772 3411 936 3485 nimirum
958 3427 1044 3481 caro
1062 3386 1262 3480 divinitatis
1278 3427 1297 3474 a
1315 3401 1351 3478 se

293 3526 495 3603 recedentis
510 3529 708 3604 contestata
724 3526 771 3611 sit'
781 3529 969 3620 dissidium,
996 3522 1097 3619 quia,
1123 3525 1285 3615 quamvis
1297 3545 1352 3598 re·

292 3666 383 3719 vera
403 3669 478 3723 non
500 3648 724 3743 abscederet,
759 3648 909 3743 perinde
926 3650 1044 3722 tanr'en
1062 3646 1198 3737 nullum
1215 3646 1252 3717 in
1277 3641 1350 3739 ipsa

292 3765 503 3843 ostendebat
515 3767 706 3864 presentie
720 3766 787 3843 suae
797 3752 949 3864 ¹fignunr,
975 3787 1017 3841 ac
1031 3765 1056 3842 st
1072 3765 1274 3839 nullatenus
1289 3784 1350 3837 ex·

292 3898 401 3964 taret.

390 3998 497 4082 Hanc
514 4007 778 4103 responsionem
794 4028 840 4082 ex
853 3952 1019 4082 similibus
1034 4001 1159 4077 Hilarii
1177 3993 1350 4093 loquendi

290 4126 432 4223 modis,
468 4127 570 4203 &ex
595 4132 637 4205 iia
654 4123 867 4237 presertim,
903 4145 981 4225 quae
997 4122 1357 4220 deverbieninam·

779 4270 854 4351 23
1222 4249 1339 4322 tiene
1388 4332 1391 4337 1
