3317 4900
342 383 627 526 h'enc'eeuur
651 393 1222 553 monumemtum
1275 467 1345 541 151

278 607 456 690 videnter.
505 608 556 682 Hi
573 608 681 706 igitur
696 601 898 700 spiritus'ad
912 606 1059 683 sulutem
1071 605 1218 683 humani
1234 630 1342 707 gene-

278 714 324 785 ris
349 708 457 784 eruiffi
475 704 581 781 sunt:¹
609 705 727 798 neque
752 709 847 782 eninr
863 705 1048 783 infirmitas
1068 707 1210 803 nostra,
1246 730 1343 786 urst

274 830 419 885 untur
449 827 510 880 nu
540 827 805 880 cusnon-tnm
835 804 1065 898 Aucuurs,
1101 823 1180 893 tot,
1217 810 1367 882 tentis-·

275 931 348 1002 que
368 907 573 1002 spiritalium
590 907 782 980 coeiessium
801 903 969 999 nequitiis
987 906 1184 983 obsisteret.
1236 907 1340 1001 Opus

274 1011 322 1082 ad
341 1009 378 1082 id
403 1006 472 1080 suri
489 1022 625 1080 naturae
642 1007 797 1100 potioris
819 1008 956 1081 auxilio*
964 1031 979 1079 :-
1006 1008 1040 1080 dt
1057 1009 1130 1082 hoc
1146 1010 1195 1081 ite
1210 1006 1278 1086 eide
1294 1009 1343 1081 'ex

276 1110 334 1183 his
342 1106 440 1208 dictis
449 1108 634 1196 docemur,
650 1106 777 1197 quibus
786 1107 965 1200 trepidum
974 1121 1217 1202 acpeventem
1226 1108 1340 1199 Moy-

276 1207 338 1282 sen
353 1206 528 1281 Dominus
543 1203 756 1298 confirmat,
781 1207 927 1281 dicente
949 1205 1047 1279 Ecce
1063 1204 1227 1303 Angelus
1239 1227 1339 1280 meus

276 1307 467 1381 antecedet
481 1320 556 1380 ter·
583 1306 663 1379 Hos
676 1307 781 1401 igitur
793 1307 839 1380 de
849 1304 1020 1380 thesauris
1029 1305 1096 1380 iuis
1107 1324 1241 1383 ventos
1255 1327 1341 1399 pro-

275 1409 393 1489 ducit,
428 1406 589 1479 tribuens
615 1407 652 1478 in
677 1407 731 1478 his
754 1407 923 1480 auxilium
939 1403 1338 1482 humanaeinfirmitatir

272 1522 317 1580 ut
331 1507 407 1580 haec
425 1526 494 1579 nos
514 1505 637 1576 divina
654 1503 833 1597 presidia,
859 1506 1025 1597 adversus
1042 1508 1338 1598 mundipotentes

273 1606 398 1681 harum
424 1606 655 1679 tenebrarum
682 1606 718 1677 iu
740 1604 980 1679 haereditaude
997 1609 1105 1682 nobis
1130 1606 1240 1682 salute
1260 1621 1338 1680 tue·

275 1721 391 1782 untur.
549 1736 552 1743 ¹
704 1719 711 1736 ·
744 1777 749 1792 ,

378 1813 434 1886 18.
458 1804 625 1895 Sequitur
639 1801 770 1877 deinde
786 1802 847 1877 hic
862 1801 957 1878 otdo
967 1802 1160 1882 ditiorum:
1187 1806 1338 1902 Quiper·

273 1931 311 1977 εκ
340 1922 369 1978 rt
385 1910 594 1999 primogenita
614 1905 753 2000 AEgyptr'
776 1911 816 1975 ab
836 1904 1075 2001 hominemque
1094 1908 1134 1976 ad
1152 1927 1261 1999 pecus,
1297 1904 1337 1981 (5

274 2006 358 2093 mifit
386 2027 457 2096 tgna
472 2003 511 2079 d
525 2007 667 2099 prodigia
686 2013 723 2074 irr
741 2008 837 2077 medie
853 2010 907 2078 tui
917 2008 1068 2100 AEgypte,
1095 2011 1132 2074 r'n
1146 2008 1338 2076 Pharaonem

276 2105 317 2182 U
333 2106 371 2173 in
386 2126 489 2175 omnes
505 2103 608 2186 servos
624 2110 701 2202 ejus.
760 2109 831 2197 Qui
845 2102 997 2201 perruffit
1010 2118 1118 2198 genter
1135 2108 1270 2190 multer,
1296 2104 1338 2180 ὅ

274 2206 392 2277 eccidit
421 2227 502 2297 reges
517 2203 634 2300 fortes,
699 2208 782 2275 Seen
805 2230 901 2297 regem
926 2207 1197 2292 Amorrhaeerum,
1235 2203 1272 2279 (5
1293 2209 1338 2298 ug

275 2330 374 2398 regem
398 2307 527 2391 Busan,
561 2303 598 2378 (s
621 2309 727 2373 omnia
746 2329 839 2397 regne
857 2304 1014 2376 chanaan
1034 2307 1166 2376 eccidit.-
1191 2304 1231 2381 (5
1252 2306 1338 2388 dedit
1366 2353 1369 2358 -

274 2423 395 2477 terrem
413 2430 517 2478 eorum
535 2404 768 2488 hereditatem,
794 2406 1010 2478 hereditatem
1033 2407 1133 2478 israe!
1147 2389 1255 2502 populo
1267 2403 1336 2494 sur.

273 2505 497 2597 Frequenter
508 2503 623 2579 sermo
639 2504 794 2595 divinus,
818 2525 899 2578 eum
907 2500 1175 2603 intelligendum
1185 2504 1254 2578 eise
1263 2504 1338 2577 De·

273 2625 334 2678 um
352 2607 678 2695 coeiiatqueterrae,
705 2603 985 2679 &universitatis
994 2621 1197 2679 creatorem
1209 2606 1334 2694 docet,

275 2707 336 2795 qui
353 2702 549 2795 AEgyptum
570 2701 798 2796 percutient,
822 2723 921 2777 rnare
936 2704 1114 2797 diviserit,
1141 2702 1336 2799 AEgyptios

272 2800 494 2893 demerserit,
518 2806 691 2897 populum
712 2801 809 2875 suum
823 2805 958 2898 magnis
972 2803 1008 2877 ‚tr
1023 2806 1241 2877 mirabilibus
1263 2805 1337 2876 vit·

272 2904 411 2974 tutibus
428 2902 605 2994 eduxerit,
631 2904 1097 2999 ineremomannaeluerit,
1124 2903 1241 2995 ejectis
1253 2924 1336 2999 gen·

273 3003 370 3075 tibus
389 3002 426 3074 in
441 3016 572 3075 terrain
586 3003 864 3093 repromissionis
882 3002 1074 3080 induxerit.
1124 3002 1173 3077 Et
1191 2996 1339 3095 duidem‘

275 3102 395 3174 omnia
410 3102 688 3197 haecmagnifica
706 3103 740 3174 dt
755 3104 924 3194 preclara
943 3106 1054 3195 opere
1070 3102 1187 3177 Deurn
1204 3102 1335 3176 essete-

271 3199 418 3276 stantur.
469 3200 601 3291 Neque
620 3203 712 3275 enirn
730 3200 1334 3277 mediocrisdrmoderataevirtutis
1401 3248 1407 3256 -

274 3299 326 3373 est
342 3315 442 3373 tanta
462 3301 612 3397 gesiiise:
639 3301 861 3374 admirandus
876 3304 912 3374 in
933 3301 988 3375 his
1005 3303 1254 3400 intelligendus
1272 3299 1333 3377 est.

273 3398 346 3471 Sed
363 3401 473 3472 docet
489 3421 558 3473 nos
574 3400 771 3492 Apostolus
792 3422 872 3473 curn
894 3394 1130 3478 veneratione
1154 3401 1334 3497 gestorum

274 3497 602 3590 praeformationem
619 3501 656 3572 in
671 3501 725 3573 his
740 3499 908 3573 doetrinae
924 3515 1031 3593 etque
1042 3503 1161 3596 operis
1171 3501 1334 3591 spiritalis

276 3596 486 3692 agnoscere:
513 3621 594 3674 cnm
611 3602 670 3672 lex
693 3597 854 3694 spiritalis
873 3602 946 3695 est,
973 3597 1054 3677 cu'm
1076 3600 1171 3697 gesta
1191 3601 1266 3691 ejus
1287 3600 1333 3669 al·

273 3698 507 3790 legorumena
522 3699 615 3790 sunt,
641 3721 722 3774 curn
740 3698 803 3772 sub
816 3703 911 3774 nube
925 3718 1045 3793 patres
1064 3701 1224 3785 suerunt,
1252 3720 1349 3771 curu·

272 3797 318 3868 in¹
336 3796 492 3889 Moysen
511 3801 682 3893 baptizati
708 3796 811 3891 sunt,
840 3821 922 3873 curn
939 3800 984 3873 de
1000 3799 1143 3894 spiritali
1164 3813 1264 3890 petra
1282 3800 1333 3891 igi·

271 3898 428 3987 betunt,
452 3916 530 3971 cunr
546 3916 646 3991 petra
662 3897 819 3973 Christus
834 3898 897 3986 est,
924 3920 1004 3974 curn
1018 3897 1200 3993 postremo
1212 3896 1333 3971 sccun-

272 3997 359 4070 dum
379 3997 526 4069 exaltati
544 4000 581 4073 in
606 3998 748 4072 deserto
759 3996 935 4091 serpentis
952 3998 1104 4074 formam
1125 3999 1333 4071 exaltandus
1398 4016 1405 4039 ·

272 4093 326 4171 est
344 4093 536 4173 Dominus.
600 4097 704 4196 Ergo.
722 4100 808 4269 liele?
823 4100 884 4171 iila
900 4101 937 4172 in
950 4093 1116 4196 AEgypto
1136 4098 1336 4190 corporali·

823 4221 848 4287 4
1231 4211 1286 4270 tet
