3317 4900
346 459 635 572 Tnacnnrua
660 428 708 530 ru
734 449 970 556 CXLVIII.
995 407 1232 530 Parentum.
1285 475 1355 564 391
1384 413 1400 534 J

284 620 504 720 quodsum,
530 617 566 692 id
587 614 659 709 est,
684 630 726 689 ut
747 628 914 691 maneant
933 616 970 689 in
987 627 1182 708 aeternum,
1208 635 1357 692 nonna·¹

284 742 375 800 turae
397 719 464 796 suae
485 715 554 791 effe
578 717 794 811 intelligant,
832 713 890 788 sed
915 717 1083 808 precepti
1101 716 1176 809 ejus
1192 716 1258 809 stt,
1295 718 1357 810 qui

283 839 420 921 potent
440 820 481 892 srt
496 820 604 891 rebus
629 836 673 887 ex
692 816 807 888 nihilo
830 813 1023 888 substitutis
1041 828 1202 890 naturam
1219 819 1358 891 aterni·
1433 883 1448 914 X

285 927 371 1001 tatis
391 918 532 996 afferre.
584 915 673 990 Non
696 915 812 1007 enim,
844 916 981 1009 inquit,
1012 916 1211 1007 preteribit
1228 937 1360 1009 prece·
1412 953 1416 961 ·

284 1041 412 1122 ptum,
451 1015 579 1108 idest,
617 1016 771 1089 mandati
796 1015 873 1106 ejus
893 1036 969 1088 non
989 1016 1056 1089 erit
1078 1012 1178 1090 finis:
1216 1018 1364 1108 quiam

285 1141 460 1197 aeternum
476 1129 655 1197 maneant,
681 1116 809 1208 quibua
825 1116 1062 1190 eternitatem
1077 1115 1204 1191 Virtus
1218 1120 1358 1191 aeterni·

288 1216 543 1297 tatisindulfit.
1419 1278 1422 1282 .

355 1372 359 1379 ·
390 1321 425 1396 6.
452 1317 535 1392 Post
563 1336 640 1407 quae
667 1313 802 1390 rursum
827 1327 969 1388 terrena
988 1325 1109 1389 cetera
1129 1315 1359 1393 advocantur

289 1424 335 1497 ad
349 1420 511 1511 laudem,
539 1438 617 1508 quae
632 1415 695 1489 etfi
708 1436 784 1489 non
801 1417 920 1490 omnia
935 1413 1152 1490 sunthorum
1165 1418 1358 1495 caelestium
1405 1425 1408 1430 “

288 1524 325 1598 o
347 1524 535 1594 beatorum
553 1521 736 1592 bonorum
760 1513 963 1604 consortia,
998 1516 1127 1607 partim
1140 1537 1205 1610 per
1218 1518 1360 1593 irratio

289 1623 446 1699 nabilem
455 1617 607 1706 sensum,
625 1614 752 1708 partim
762 1634 827 1705 per
836 1613 1084 1689 innanimalem
1094 1612 1270 1713 naturam,
1282 1641 1362 1714 par·

288 1712 831 1814 timperimpietatisoffensam3
857 1725 976 1787 tamen
986 1711 1103 1790 Deum
1113 1718 1235 1808 perid,
1259 1720 1360 1810 quod

289 1824 376 1896 talia
394 1820 473 1891 sunt
491 1815 672 1907 instituta,
698 1812 771 1909 ipsa
790 1809 1025 1887 institutionIs
1038 1813 1074 1887 in
1088 1811 1123 1888 se
1140 1815 1268 1892 habitae
1276 1841 1361 1914 pro·

290 1920 455 1994 videntia
476 1916 682 2010 predicant.
730 1912 796 1986 Ait
813 1915 908 1987 enim
921 1913 988 1984 Ita:
1018 1916 1163 1986 Lauina
1182 1923 1360 2018 Dominum

293 2024 332 2094 dr
352 2036 440 2089 terra
464 2021 606 2086 dracones
625 2018 663 2090 U
680 2037 783 2088 omnes
798 2010 934 2107 ciffis
969 2016 1074 2107 Ignis,
1106 2019 1245 2108 grando,
1279 2026 1360 2113 nix,

295 2115 484 2215 crystallum,
510 2119 644 2212 Ipr'rr'tur
657 2116 801 2210 procella,
826 2139 893 2212 qua
901 2111 1039 2205 faciunt
1059 2116 1250 2216 verdinajus,
1271 2129 1363 2192 mon.

294 2238 364 2305 res,
391 2218 428 2294 θ
445 2240 550 2288 omncs
565 2216 669 2302 codes,
689 2214 784 2307 'ligna
794 2213 994 2306 frutiifrra,
1019 2213 1059 2292 (5
1073 2239 1179 2288 corner
1195 2220 1288 2307 cedri,
1313 2222 1361 2292 be·

287 2321 383 2422 flia,
409 2318 448 2395 U
468 2317 617 2404 universa
630 2335 758 2412 pecora,
779 2316 963 2412 serpentes,
990 2313 1028 2392 (Ἰ
1044 2317 1187 2389 volucres
1200 2322 1365 2417 pennata,
1417 2381 1419 2385 .

296 2437 508 2516 regestum,
533 2414 572 2494 (5
591 2441 693 2488 omnes
715 2417 845 2513 prpuli,
869 2420 1043 2513 princpes,
1068 2415 1108 2494 ὅ
1123 2444 1228 2491 omnes
1241 2425 1364 2518 judice,

296 2540 405 2607 terra,
424 2524 559 2619 juvenes
576 2518 614 2593 (5
631 2523 786 2610 virgines,
806 2519 943 2615 seniorer
960 2542 1027 2588 cum
1036 2520 1219 2615 junioribus
1228 2522 1364 2598 laudent

294 2645 410 2695 nomen
433 2624 575 2691 Domini.
618 2616 760 2691 Omnia
781 2615 923 2697 laudem
941 2614 1009 2691 Dei
1030 2621 1252 2714 concinunt,
1279 2624 1366 2701 licet
1417 2682 1425 2693 .

295 2720 457 2814 quedam
472 2718 572 2792 sensu
591 2717 703 2789 laudis
724 2718 881 2791 tarentin
898 2716 982 2803 fint3
1017 2715 1077 2790 sed
1094 2740 1158 2812 per
1172 2720 1367 2798 iustitutio-

294 2821 354 2897 nis
370 2818 531 2892 ordinem
549 2818 827 2908 qualitatemque
842 2814 1008 2913 gignendi
1024 2821 1243 2907 preconIum
1259 2820 1368 2903 Crea-

293 2921 390 2994 toris
409 2918 625 2992 ostenduntr·
666 2915 817 2989 Detenti
836 2917 873 2988 in
895 2931 990 2990 terra
1008 2917 1198 3014 dracones,
1225 2942 1369 3001 eorum·

297 3042 369 3111 que
393 3021 514 3112 plures
542 3020 579 3091 in
603 3016 727 3107 abyffis
753 3015 920 3091 demerit:
960 3029 1001 3087 ut
1025 3036 1093 3092 nos
1117 3021 1211 3095 intra
1230 3038 1367 3103 metum

297 3122 333 3193 uz
349 3121 584 3213 religionem,
619 3115 702 3189 dum
719 3115 781 3207 ipsi
800 3118 894 3188 intra
916 3114 1074 3206 abyffum
1090 3132 1292 3213 terramque
1312 3145 1368 3201 re·

294 3219 397 3316 ligati
415 3217 608 3313 impietatis
633 3214 763 3289 uostrae
787 3217 899 3308 poerrir
922 3232 1184 3311 preparantur,
1219 3242 1369 3300 coerce.

296 3331 398 3397 rent.
447 3315 588 3390 Natura
606 3315 718 3410 Ignis,
744 3317 840 3387 nivis
857 3314 1007 3407 candor,
1032 3315 1204 3409 crystallis
1222 3323 1368 3421 glacies,

298 3416 472 3514 procelle
488 3415 651 3509 spiritur,
683 3415 863 3487 montium
881 3413 1042 3507 celsitas,
1069 3417 1244 3494 dIstintiio
1265 3425 1369 3499 colli-

298 3535 386 3607 um,
418 3520 588 3590 arborum
605 3510 760 3599 fruetus,
788 3510 976 3588 bestiarum
995 3517 1168 3611 varietas,
1195 3540 1372 3613 pecorum

299 3615 458 3706 utilitas,
481 3613 698 3708 serpentium
714 3612 822 3704 nisus,
851 3614 1044 3689 volucrum
1058 3617 1220 3701 volatus,
1244 3641 1371 3719 regum

299 3713 485 3811 potestas,
509 3714 730 3808 populorum
747 3713 959 3805 famulatur,
985 3716 1186 3810 prinprum
1204 3719 1375 3816 dIgnitat,

296 3815 463 3912 judicum
489 3816 657 3906 equites,
683 3826 828 3887 aetatum
846 3814 1006 3889 ominum
1025 3814 1059 3886 dr
1078 3814 1222 3891 sexuum
1237 3842 1372 3907 morea,

300 3913 443 4005 studia,
470 3913 649 4001 virtutem
675 3913 751 3985 haec
767 3914 889 4007 itaque
908 3914 1029 3987 omnIa
1049 3915 1084 3987 in
1106 3912 1266 3993 diversos
1284 3922 1375 3998 inef-

302 4011 602 4104 fabilesqueusus
618 4013 794 4104 formata,
831 4012 1011 4105 diffindat,
1048 4016 1221 4115 animata,
1255 4022 1373 4115 perf·

305 4111 379 4191 &aa
411 4111 609 4195 'Creatorir
631 4111 912 4217 providentiam,
926 4113 1086 4217 laudaut·
1144 4112 1196 4193 Et
1222 4140 1378 4219 eorum,

1261 4236 1353 4306 W*
