3317 4900
286 423 359 528 Ι466
609 412 1012 506 §.Hieroni
1253 385 1279 438 “
1337 383 1353 526 i

289 603 347 678 pae
370 575 591 677 cognitionis
617 572 836 670 infirmoque
857 576 1002 672 gustatu
1028 576 1265 656 imbuantur.
1318 578 1349 654 El.

292 683 430 760 ideirco
457 676 613 769 verpus
637 680 730 750 erit:
757 678 838 769 quie
861 677 958 753 &ad
986 675 1252 772 effugiendum
1274 679 1345 754 Anti

294 779 462 856 ciuilium
482 797 639 873 graves,
672 775 707 850 δι
730 777 773 850 ad
796 775 1036 854 sustinendum
1065 781 1280 873 imperite,
1306 803 1345 854 net

292 892 444 978 peccate
472 874 693 974 effugerint,
724 897 794 952 nec
827 879 946 954 cibum
979 877 1065 952 veri
1092 882 1205 972 panis
1233 902 1346 978 recepe

292 983 377 1070 rint.
1342 1045 1345 1050 .

368 1102 402 1174 7.
429 1073 555 1168 Atque
569 1074 708 1151 idcirco
726 1094 833 1150 orere
852 1075 1121 1171 admonemur,
1148 1098 1200 1154 ne
1216 1079 1277 1153 vel
1289 1079 1346 1171 hyn.

294 1200 353 1257 me
367 1177 450 1274 fuge
464 1173 584 1250 nostra
600 1175 662 1250 vel
680 1173 826 1250 sabbato
842 1175 904 1264 sit,
931 1177 967 1250 id
983 1175 1062 1267 est,
1092 1199 1145 1252 ne
1161 1193 1228 1252 eut
1244 1181 1277 1252 in
1293 1201 1340 1272 per·

296 1292 461 1354 cetorum
484 1274 650 1372 frigore,
683 1289 745 1348 eut
766 1276 802 1350 in
820 1277 900 1349 otio
927 1277 1123 1352 bonorum
1145 1298 1299 1372 operum
1311 1297 1339 1350 n

295 1378 500 1474 periemur:
527 1376 608 1468 quir
624 1375 743 1470 gravis
764 1377 913 1452 vexatio
930 1377 1131 1452 incumbet
1152 1379 1188 1452 br
1204 1379 1337 1452 intoleo

296 1479 376 1554 bilis
405 1471 566 1563 cunetis,
598 1473 660 1552 nist
684 1476 782 1565 quod
801 1473 903 1551 ceule
925 1475 1135 1554 elebtorum
1154 1479 1232 1552 Dei
1253 1479 1335 1552 diebu

295 1579 365 1652 illis
391 1575 433 1649 lit
458 1576 618 1649 breviter
653 1572 863 1667 efferenda,
892 1589 934 1647 ut
966 1579 1042 1650 vim
1080 1566 1346 1652 incumbentia*

295 1678 470 1754 melorum
488 1686 691 1748 coartatum
709 1671 916 1770 digrellandi
934 1685 1082 1768 tempus
1103 1674 1306 1773 exsuperet

371 1783 405 1856 8.
431 1771 482 1847 Et
497 1773 580 1864 quia
592 1773 630 1847 in
644 1793 771 1870 migne
788 1775 983 1848 vexatione
999 1775 1135 1868 pofitie
1151 1776 1343 1871 pseudopro

258 1939 261 1944 .
295 1875 435 1971 phem,
464 1885 642 1964 tamquam
660 1869 866 1965 presentem
881 1873 918 1947 in
934 1871 1080 1948 Christo
1102 1895 1222 1972 opem
1238 1879 1339 1971 finti·l

295 1963 468 2065 dicatum,
504 1973 624 2046 multis
648 1972 684 2044 in
705 1971 796 2046 locis
818 1969 994 2048 Christum
1017 1972 1093 2050 eise
1115 1991 1233 2070 etque
1252 1973 1340 2050 briei

233 2139 238 2152 ,
282 2073 542 2163 ¹tenuentur,
580 2084 623 2142 ut
648 2071 684 2144 in
707 2069 918 2146 Antichristi
945 2071 1171 2150 famulatum
1193 2073 1342 2171 deprellu

296 2186 528 2262 vexatosque
544 2169 741 2260 deducant3
767 2190 865 2246 nunc
883 2171 920 2245 in
936 2170 1089 2246 desertio
1105 2175 1186 2252 effe
1199 2174 1344 2262 dicente&

296 2285 340 2346 ut
362 2291 487 2345 errore
511 2271 735 2364 depravent3
762 2273 918 2345 nuncin
943 2275 1207 2364 penetralibus
1227 2275 1342 2352 ellere'

237 2453 240 2459 ,
296 2384 374 2467 tes,
397 2385 440 2444 ut
454 2370 671 2444 dominantis
689 2369 869 2464 potestate
889 2373 1143 2449 concludant:
1171 2375 1279 2453 sedse
1293 2375 1340 2446 llo

295 2474 411 2548 minus
430 2491 505 2544 non
521 2472 608 2545 loco
623 2471 885 2562 occulendum,
910 2492 978 2545 nec
992 2493 1012 2543 a
1028 2473 1188 2571 singulis
1200 2492 1349 2551 contueor

297 2572 380 2645 dum
397 2568 467 2644 else
486 2565 703 2662 profitetur:
736 2569 795 2645 led
816 2572 1088 2661 ubicumque&
1109 2577 1153 2649 in
1180 2573 1349 2671 conspetu

297 2671 458 2744 omnium
477 2666 682 2761 presentem
697 2668 855 2745 futurum
873 2672 984 2743 modu
999 2671 1191 2768 fulguris,
1219 2675 1341 2769 quodni

298 2768 451 2843 Oriente
480 2771 637 2860 elatum,
675 2770 796 2842 lumen
822 2769 918 2842 suum
938 2789 1054 2860 usque
1076 2774 1129 2846 ed
1156 2777 1351 2850 Occidentis.

295 2870 414 2966 plagas
428 2867 578 2962 spargit,
603 2867 1351 2970 &undecunquemicansubicumquecer·f

296 2970 405 3043 nitur.
457 2967 514 3038 Ac
536 2969 661 3040 nevel
682 2970 755 3042 loci
775 2969 916 3059 quidem
936 2969 1010 3060 ejus
1028 3021 1041 3062 ,
1069 2972 1111 3045 in
1134 2996 1220 3068 quo
1237 2970 1354 3051 futuru?

296 3067 412 3163 esset,
439 3065 587 3141 ellemus
609 3067 749 3163 ignari,
783 3069 851 3141 nir:
892 3067 1088 3166 Ubicumque
1101 3073 1230 3163 fuerit
1250 3068 1354 3170 carpini

296 3171 342 3239 r'br'
362 3168 625 3260 congregabuntur
642 3170 766 3264 aquila.
816 3165 964 3240 Sentius
980 3169 1025 3240 de
1045 3174 1195 3249 volatu
1215 3174 1342 3271 spiritalis

296 3269 464 3362 corporis
479 3269 611 3357 aquilae
627 3268 876 3361 nuncupavit:
903 3287 1083 3362 quorum,
1112 3272 1344 3374 congreganti

294 3370 362 3441 bur
384 3365 562 3462 Angelis,
593 3381 816 3441 conventum
835 3364 992 3440 futurum
1015 3371 1056 3441 in
1081 3371 1184 3448 loco
1217 3376 1343 3471 peffioni

295 3467 463 3541 ostendit.
511 3462 561 3538 Et
583 3464 688 3560 digne
702 3465 777 3538 illic
794 3467 961 3539 claritatis
979 3466 1178 3547 adventus
1202 3473 1345 3570 exspem

294 3568 417 3658 bitur,
443 3565 504 3638 ubi
520 3564 627 3639 nobie
644 3566 792 3659 gloriam
815 3566 1023 3640 eternitatis
1046 3572 1226 3663 pollione
1246 3592 1344 3671 corpo

295 3686 364 3741 reae
382 3664 589 3742 humilitatis
608 3678 779 3759 operatus
801 3663 864 3743 est.
