<?xml version="1.0" encoding="UTF-8"?>
<!DOCTYPE html PUBLIC "-//W3C//DTD XHTML 1.0 Transitional//EN"
    "http://www.w3.org/TR/xhtml1/DTD/xhtml1-transitional.dtd">
<html xmlns="http://www.w3.org/1999/xhtml" xml:lang="en" lang="en">
 <head>
  <title>
</title>
<meta http-equiv="Content-Type" content="text/html;charset=utf-8" />
  <meta name='ocr-system' content='tesseract 3.04.00' />
  <meta name='ocr-capabilities' content='ocr_page ocr_carea ocr_par ocr_line ocrx_word'/>
</head>
<body>
  <div class='ocr_page' id='page_1' title='image "./operaomniasanct04librgoog_0150.png"; bbox 0 0 3317 4900; ppageno 0'>
   <div class='ocr_carea' id='block_1_1' title="bbox 341 395 1288 557">
    <p class='ocr_par' dir='ltr' id='par_1_1' title="bbox 341 395 1288 557">
     <span class='ocr_line' id='line_1_1' title="bbox 341 395 1288 557; baseline -0.002 -27"><span class='ocrx_word' id='word_1_1' title='bbox 341 395 533 557; x_wconf 66' lang='lat' dir='ltr'>sd=</span> <span class='ocrx_word' id='word_1_2' title='bbox 680 447 1154 532; x_wconf 78' lang='lat' dir='ltr'>S.H1tnn11&#39;</span> <span class='ocrx_word' id='word_1_3' title='bbox 1282 511 1288 528; x_wconf 86' lang='lat'><em>.</em></span> 
     </span>
    </p>
   </div>
   <div class='ocr_carea' id='block_1_2' title="bbox 342 605 1415 812">
    <p class='ocr_par' dir='ltr' id='par_1_2' title="bbox 342 605 1415 812">
     <span class='ocr_line' id='line_1_2' title="bbox 344 605 1413 711; baseline -0.006 -12"><span class='ocrx_word' id='word_1_4' title='bbox 344 619 513 699; x_wconf 87' lang='lat' dir='ltr'>omnibus</span> <span class='ocrx_word' id='word_1_5' title='bbox 527 605 652 692; x_wconf 84' lang='lat' dir='ltr'>diebus</span> <span class='ocrx_word' id='word_1_6' title='bbox 667 635 782 708; x_wconf 87' lang='lat' dir='ltr'>usque</span> <span class='ocrx_word' id='word_1_7' title='bbox 801 615 844 689; x_wconf 90' lang='lat' dir='ltr'>ad</span> <span class='ocrx_word' id='word_1_8' title='bbox 861 613 1203 694; x_wconf 82' lang='lat' dir='ltr'>consummationem</span> <span class='ocrx_word' id='word_1_9' title='bbox 1218 614 1341 711; x_wconf 91' lang='lat' dir='ltr'>seculi,</span> <span class='ocrx_word' id='word_1_10' title='bbox 1366 617 1413 693; x_wconf 82' lang='lat' dir='ltr'>a&#39;d</span> 
     </span>
     <span class='ocr_line' id='line_1_3' title="bbox 342 715 1415 812; baseline -0.009 -11"><span class='ocrx_word' id='word_1_11' title='bbox 342 725 440 801; x_wconf 83' lang='lat' dir='ltr'>bunc</span> <span class='ocrx_word' id='word_1_12' title='bbox 455 720 677 794; x_wconf 81' lang='lat' dir='ltr'>habitantem</span> <span class='ocrx_word' id='word_1_13' title='bbox 693 719 730 790; x_wconf 93' lang='lat' dir='ltr'>in</span> <span class='ocrx_word' id='word_1_14' title='bbox 744 735 812 789; x_wconf 90' lang='lat' dir='ltr'>nos</span> <span class='ocrx_word' id='word_1_15' title='bbox 822 716 948 812; x_wconf 86' lang='lat' dir='ltr'>gaudia</span> <span class='ocrx_word' id='word_1_16' title='bbox 959 715 1078 788; x_wconf 87' lang='lat' dir='ltr'>nostra</span> <span class='ocrx_word' id='word_1_17' title='bbox 1090 716 1301 790; x_wconf 77' lang='lat' dir='ltr'>referamne:</span> <span class='ocrx_word' id='word_1_18' title='bbox 1328 719 1415 791; x_wconf 88' lang='lat' dir='ltr'>huic</span> 
     </span>
    </p>
   </div>
   <div class='ocr_carea' id='block_1_3' title="bbox 235 813 1414 914">
    <p class='ocr_par' dir='ltr' id='par_1_3' title="bbox 235 813 1414 914">
     <span class='ocr_line' id='line_1_4' title="bbox 235 813 1414 914; baseline 0.005 -29"><span class='ocrx_word' id='word_1_19' title='bbox 235 845 239 858; x_wconf 71' lang='lat'>=</span> <span class='ocrx_word' id='word_1_20' title='bbox 343 824 370 900; x_wconf 82' lang='lat' dir='ltr'>fi</span> <span class='ocrx_word' id='word_1_21' title='bbox 396 820 479 914; x_wconf 91' lang='lat' dir='ltr'>quid</span> <span class='ocrx_word' id='word_1_22' title='bbox 491 813 531 891; x_wconf 88' lang='lat' dir='ltr'>&#39;in</span> <span class='ocrx_word' id='word_1_23' title='bbox 547 818 653 892; x_wconf 81' lang='lat' dir='ltr'>nobis</span> <span class='ocrx_word' id='word_1_24' title='bbox 671 814 741 904; x_wconf 80' lang='lat' dir='ltr'>est,</span> <span class='ocrx_word' id='word_1_25' title='bbox 774 817 990 897; x_wconf 82' lang='lat' dir='ltr'>debeamus,</span> <span class='ocrx_word' id='word_1_26' title='bbox 1023 837 1042 887; x_wconf 92' lang='lat' dir='ltr'>a</span> <span class='ocrx_word' id='word_1_27' title='bbox 1060 818 1168 888; x_wconf 85' lang='lat' dir='ltr'>beato</span> <span class='ocrx_word' id='word_1_28' title='bbox 1186 815 1298 888; x_wconf 90' lang='lat' dir='ltr'>Paulo</span> <span class='ocrx_word' id='word_1_29' title='bbox 1315 817 1414 893; x_wconf 76' lang='lat' dir='ltr'>dotti</span> 
     </span>
    </p>
   </div>
   <div class='ocr_carea' id='block_1_4' title="bbox 255 914 1454 2405">
    <p class='ocr_par' dir='ltr' id='par_1_4' title="bbox 255 914 1415 1513">
     <span class='ocr_line' id='line_1_5' title="bbox 347 914 1414 1010; baseline -0.007 -12"><span class='ocrx_word' id='word_1_30' title='bbox 347 922 435 998; x_wconf 92' lang='lat' dir='ltr'>nihil</span> <span class='ocrx_word' id='word_1_31' title='bbox 450 917 609 994; x_wconf 89' lang='lat' dir='ltr'>nostrum</span> <span class='ocrx_word' id='word_1_32' title='bbox 623 914 910 1007; x_wconf 84' lang='lat' dir='ltr'>existimandum,</span> <span class='ocrx_word' id='word_1_33' title='bbox 938 915 1098 989; x_wconf 86' lang='lat' dir='ltr'><strong>dicente:</strong></span> <span class='ocrx_word' id='word_1_34' title='bbox 1127 916 1224 1010; x_wconf 88' lang='lat' dir='ltr'>Quid</span> <span class='ocrx_word' id='word_1_35' title='bbox 1245 919 1337 989; x_wconf 89' lang='lat' dir='ltr'>enim</span> <span class='ocrx_word' id='word_1_36' title='bbox 1352 919 1414 990; x_wconf 89' lang='lat' dir='ltr'>ha·</span> 
     </span>
     <span class='ocr_line' id='line_1_6' title="bbox 347 1013 1415 1111; baseline -0.006 -14"><span class='ocrx_word' id='word_1_37' title='bbox 347 1026 435 1110; x_wconf 82' lang='lat' dir='ltr'>bes,</span> <span class='ocrx_word' id='word_1_38' title='bbox 469 1019 567 1111; x_wconf 89' lang='lat' dir='ltr'>quod</span> <span class='ocrx_word' id='word_1_39' title='bbox 589 1037 665 1091; x_wconf 90' lang='lat' dir='ltr'>non</span> <span class='ocrx_word' id='word_1_40' title='bbox 683 1013 878 1110; x_wconf 68' lang='lat' dir='ltr'>accepistis</span> <span class='ocrx_word' id='word_1_41' title='bbox 914 1013 952 1087; x_wconf 87' lang='lat' dir='ltr'>Si</span> <span class='ocrx_word' id='word_1_42' title='bbox 972 1028 1089 1088; x_wconf 90' lang='lat' dir='ltr'>autern</span> <span class='ocrx_word' id='word_1_43' title='bbox 1107 1015 1293 1106; x_wconf 80' lang='lat' dir='ltr'>accepisti,</span> <span class='ocrx_word' id='word_1_44' title='bbox 1328 1017 1415 1108; x_wconf 91' lang='lat' dir='ltr'>quid</span> 
     </span>
     <span class='ocr_line' id='line_1_7' title="bbox 347 1112 1413 1219; baseline -0.002 -26"><span class='ocrx_word' id='word_1_45' title='bbox 347 1120 526 1219; x_wconf 80' lang='lat' dir='ltr'>gloriaris,</span> <span class='ocrx_word' id='word_1_46' title='bbox 552 1115 645 1209; x_wconf 85' lang='lat' dir='ltr'>quast</span> <span class='ocrx_word' id='word_1_47' title='bbox 663 1137 738 1188; x_wconf 93' lang='lat' dir='ltr'>non</span> <span class='ocrx_word' id='word_1_48' title='bbox 755 1112 963 1205; x_wconf 70' lang='lat' dir='ltr'>acceperis?</span> <span class='ocrx_word' id='word_1_49' title='bbox 989 1112 1157 1187; x_wconf 75' lang='lat' dir='ltr'>Mansio</span> <span class='ocrx_word' id='word_1_50' title='bbox 1180 1136 1272 1191; x_wconf 86' lang='lat' dir='ltr'>vero</span> <span class='ocrx_word' id='word_1_51' title='bbox 1295 1116 1413 1207; x_wconf 82' lang='lat' dir='ltr'>Jacob</span> 
     </span>
     <span class='ocr_line' id='line_1_8' title="bbox 279 1213 1413 1316; baseline -0.007 -18"><span class='ocrx_word' id='word_1_52' title='bbox 279 1277 281 1281; x_wconf 90' lang='lat'>-</span> <span class='ocrx_word' id='word_1_53' title='bbox 343 1218 549 1298; x_wconf 86' lang='lat' dir='ltr'>Patriarcha</span> <span class='ocrx_word' id='word_1_54' title='bbox 565 1214 771 1290; x_wconf 78' lang='lat' dir='ltr'>modestiam</span> <span class='ocrx_word' id='word_1_55' title='bbox 789 1213 986 1287; x_wconf 75' lang='lat' dir='ltr'>referende</span> <span class='ocrx_word' id='word_1_56' title='bbox 999 1215 1119 1310; x_wconf 84' lang='lat' dir='ltr'>gratiae</span> <span class='ocrx_word' id='word_1_57' title='bbox 1133 1214 1413 1316; x_wconf 82' lang='lat' dir='ltr'>cognoscentes,</span> 
     </span>
     <span class='ocr_line' id='line_1_9' title="bbox 255 1314 1414 1411; baseline -0.005 -15"><span class='ocrx_word' id='word_1_58' title='bbox 255 1339 270 1411; x_wconf 62' lang='lat' dir='ltr'>e</span> <span class='ocrx_word' id='word_1_59' title='bbox 321 1347 324 1354; x_wconf 86' lang='lat'><em>·</em></span> <span class='ocrx_word' id='word_1_60' title='bbox 347 1327 429 1396; x_wconf 89' lang='lat' dir='ltr'>&#39;cum</span> <span class='ocrx_word' id='word_1_61' title='bbox 450 1318 558 1390; x_wconf 85' lang='lat' dir='ltr'>dicit:</span> <span class='ocrx_word' id='word_1_62' title='bbox 583 1314 708 1406; x_wconf 88' lang='lat' dir='ltr'>Deus,</span> <span class='ocrx_word' id='word_1_63' title='bbox 733 1315 796 1406; x_wconf 88' lang='lat' dir='ltr'>qui</span> <span class='ocrx_word' id='word_1_64' title='bbox 811 1314 989 1387; x_wconf 87' lang='lat' dir='ltr'>enutrivit</span> <span class='ocrx_word' id='word_1_65' title='bbox 1002 1336 1058 1387; x_wconf 91' lang='lat' dir='ltr'>me</span> <span class='ocrx_word' id='word_1_66' title='bbox 1076 1335 1096 1386; x_wconf 90' lang='lat' dir='ltr'>a</span> <span class='ocrx_word' id='word_1_67' title='bbox 1112 1315 1308 1406; x_wconf 88' lang='lat' dir='ltr'>juventute</span> <span class='ocrx_word' id='word_1_68' title='bbox 1319 1337 1414 1411; x_wconf 86' lang='lat' dir='ltr'>mea,</span> 
     </span>
     <span class='ocr_line' id='line_1_10' title="bbox 346 1414 1184 1513; baseline -0.005 -20"><span class='ocrx_word' id='word_1_69' title='bbox 346 1419 382 1497; x_wconf 78' lang='lat' dir='ltr'>dt</span> <span class='ocrx_word' id='word_1_70' title='bbox 405 1416 566 1513; x_wconf 84' lang='lat' dir='ltr'>Angelus</span> <span class='ocrx_word' id='word_1_71' title='bbox 588 1434 715 1487; x_wconf 88' lang='lat' dir='ltr'>eruens</span> <span class='ocrx_word' id='word_1_72' title='bbox 736 1435 793 1487; x_wconf 88' lang='lat' dir='ltr'>me</span> <span class='ocrx_word' id='word_1_73' title='bbox 813 1433 858 1486; x_wconf 87' lang='lat' dir='ltr'>ex</span> <span class='ocrx_word' id='word_1_74' title='bbox 881 1414 1049 1487; x_wconf 90' lang='lat' dir='ltr'>omnibus</span> <span class='ocrx_word' id='word_1_75' title='bbox 1072 1415 1184 1489; x_wconf 89' lang='lat' dir='ltr'>malis.</span> 
     </span>
    </p>

    <p class='ocr_par' dir='ltr' id='par_1_5' title="bbox 279 1509 1454 2405">
     <span class='ocr_line' id='line_1_11' title="bbox 401 1509 1413 1607; baseline 0.003 -20"><span class='ocrx_word' id='word_1_76' title='bbox 401 1541 404 1546; x_wconf 65' lang='grc'><strong>’</strong></span> <span class='ocrx_word' id='word_1_77' title='bbox 447 1541 480 1607; x_wconf 87' lang='lat'>4.</span> <span class='ocrx_word' id='word_1_78' title='bbox 507 1513 597 1587; x_wconf 92' lang='lat' dir='ltr'>Non</span> <span class='ocrx_word' id='word_1_79' title='bbox 620 1511 671 1587; x_wconf 88' lang='lat' dir='ltr'>est</span> <span class='ocrx_word' id='word_1_80' title='bbox 700 1526 827 1587; x_wconf 83' lang='lat' dir='ltr'>eutem·</span> <span class='ocrx_word' id='word_1_81' title='bbox 843 1512 880 1586; x_wconf 93' lang='lat' dir='ltr'>in</span> <span class='ocrx_word' id='word_1_82' title='bbox 905 1509 968 1585; x_wconf 91' lang='lat' dir='ltr'>usu</span> <span class='ocrx_word' id='word_1_83' title='bbox 992 1513 1199 1596; x_wconf 89' lang='lat' dir='ltr'>hominum,</span> <span class='ocrx_word' id='word_1_84' title='bbox 1235 1528 1283 1586; x_wconf 86' lang='lat' dir='ltr'>ut</span> <span class='ocrx_word' id='word_1_85' title='bbox 1298 1515 1413 1590; x_wconf 87' lang='lat' dir='ltr'>vivos</span> 
     </span>
     <span class='ocr_line' id='line_1_12' title="bbox 347 1612 1416 1708; baseline -0.005 -14"><span class='ocrx_word' id='word_1_86' title='bbox 347 1619 439 1694; x_wconf 83' lang='lat' dir='ltr'>alios</span> <span class='ocrx_word' id='word_1_87' title='bbox 461 1626 612 1687; x_wconf 88' lang='lat' dir='ltr'>vorent:</span> <span class='ocrx_word' id='word_1_88' title='bbox 639 1633 756 1704; x_wconf 89' lang='lat' dir='ltr'>neque</span> <span class='ocrx_word' id='word_1_89' title='bbox 775 1612 951 1705; x_wconf 84' lang='lat' dir='ltr'>usquead</span> <span class='ocrx_word' id='word_1_90' title='bbox 970 1632 1094 1686; x_wconf 89' lang='lat' dir='ltr'>carnes</span> <span class='ocrx_word' id='word_1_91' title='bbox 1110 1614 1308 1708; x_wconf 80' lang='lat' dir='ltr'>glutiendas</span> <span class='ocrx_word' id='word_1_92' title='bbox 1328 1617 1416 1689; x_wconf 87' lang='lat' dir='ltr'>odia</span> 
     </span>
     <span class='ocr_line' id='line_1_13' title="bbox 347 1709 1448 1817; baseline -0.006 -25"><span class='ocrx_word' id='word_1_93' title='bbox 347 1715 563 1817; x_wconf 84' lang='lat' dir='ltr'>procedunt.</span> <span class='ocrx_word' id='word_1_94' title='bbox 613 1712 683 1785; x_wconf 88' lang='lat' dir='ltr'>Sed</span> <span class='ocrx_word' id='word_1_95' title='bbox 706 1733 823 1801; x_wconf 93' lang='lat' dir='ltr'>neque</span> <span class='ocrx_word' id='word_1_96' title='bbox 840 1710 940 1785; x_wconf 71' lang='lat' dir='ltr'>&#39;nunc</span> <span class='ocrx_word' id='word_1_97' title='bbox 963 1712 1129 1794; x_wconf 82' lang='lat' dir='ltr'>deeruto</span> <span class='ocrx_word' id='word_1_98' title='bbox 1151 1735 1171 1784; x_wconf 88' lang='lat' dir='ltr'>a</span> <span class='ocrx_word' id='word_1_99' title='bbox 1190 1728 1311 1788; x_wconf 88' lang='lat' dir='ltr'>morte</span> <span class='ocrx_word' id='word_1_100' title='bbox 1332 1734 1415 1787; x_wconf 91' lang='lat' dir='ltr'>cor·</span> <span class='ocrx_word' id='word_1_101' title='bbox 1439 1709 1448 1726; x_wconf 76' lang='lat'><em>⁴</em></span> 
     </span>
     <span class='ocr_line' id='line_1_14' title="bbox 342 1810 1417 1916; baseline -0.006 -26"><span class='ocrx_word' id='word_1_102' title='bbox 342 1835 440 1916; x_wconf 78' lang='lat' dir='ltr'>&#39;pore</span> <span class='ocrx_word' id='word_1_103' title='bbox 462 1812 625 1910; x_wconf 87' lang='lat' dir='ltr'>gaudium</span> <span class='ocrx_word' id='word_1_104' title='bbox 648 1811 717 1899; x_wconf 80' lang='lat' dir='ltr'>ell3</span> <span class='ocrx_word' id='word_1_105' title='bbox 756 1810 815 1885; x_wconf 89' lang='lat' dir='ltr'>sed</span> <span class='ocrx_word' id='word_1_106' title='bbox 838 1810 883 1883; x_wconf 91' lang='lat' dir='ltr'>de</span> <span class='ocrx_word' id='word_1_107' title='bbox 907 1813 1021 1884; x_wconf 86' lang='lat' dir='ltr'>anima</span> <span class='ocrx_word' id='word_1_108' title='bbox 1043 1833 1062 1884; x_wconf 90' lang='lat' dir='ltr'>a</span> <span class='ocrx_word' id='word_1_109' title='bbox 1090 1829 1245 1905; x_wconf 85' lang='lat' dir='ltr'>peccato</span> <span class='ocrx_word' id='word_1_110' title='bbox 1272 1812 1417 1886; x_wconf 88' lang='lat' dir='ltr'>conser-</span> 
     </span>
     <span class='ocr_line' id='line_1_15' title="bbox 348 1908 1413 2008; baseline -0.005 -18"><span class='ocrx_word' id='word_1_111' title='bbox 348 1930 450 2008; x_wconf 87' lang='lat' dir='ltr'>uata,</span> <span class='ocrx_word' id='word_1_112' title='bbox 477 1908 1223 2006; x_wconf 76' lang='lat' dir='ltr'>atqueapeccatorumconsortioliberata.</span> <span class='ocrx_word' id='word_1_113' title='bbox 1267 1912 1413 1985; x_wconf 85' lang='lat' dir='ltr'>Idcirco</span> 
     </span>
     <span class='ocr_line' id='line_1_16' title="bbox 353 2008 1417 2105; baseline -0.006 -17"><span class='ocrx_word' id='word_1_114' title='bbox 353 2018 415 2103; x_wconf 87' lang='lat' dir='ltr'>ait,</span> <span class='ocrx_word' id='word_1_115' title='bbox 441 2011 588 2087; x_wconf 75' lang='lat' dir='ltr'>forsitan</span> <span class='ocrx_word' id='word_1_116' title='bbox 609 2013 717 2083; x_wconf 85' lang='lat' dir='ltr'>vivos</span> <span class='ocrx_word' id='word_1_117' title='bbox 734 2010 984 2105; x_wconf 85' lang='lat' dir='ltr'>deglutiendos</span> <span class='ocrx_word' id='word_1_118' title='bbox 1000 2008 1114 2105; x_wconf 85' lang='lat' dir='ltr'>fuisse,</span> <span class='ocrx_word' id='word_1_119' title='bbox 1140 2009 1417 2086; x_wconf 83' lang='lat' dir='ltr'>scilicetincor-</span> 
     </span>
     <span class='ocr_line' id='line_1_17' title="bbox 353 2103 1416 2213; baseline -0.004 -24"><span class='ocrx_word' id='word_1_120' title='bbox 353 2134 446 2213; x_wconf 89' lang='lat' dir='ltr'>pore</span> <span class='ocrx_word' id='word_1_121' title='bbox 463 2112 579 2185; x_wconf 90' lang='lat' dir='ltr'>adhuc</span> <span class='ocrx_word' id='word_1_122' title='bbox 599 2109 736 2204; x_wconf 89' lang='lat' dir='ltr'>posrtos</span> <span class='ocrx_word' id='word_1_123' title='bbox 754 2131 772 2181; x_wconf 95' lang='lat' dir='ltr'>a</span> <span class='ocrx_word' id='word_1_124' title='bbox 791 2125 911 2183; x_wconf 89' lang='lat' dir='ltr'>morte</span> <span class='ocrx_word' id='word_1_125' title='bbox 928 2109 1112 2204; x_wconf 86' lang='lat' dir='ltr'>pervasos,</span> <span class='ocrx_word' id='word_1_126' title='bbox 1140 2103 1416 2205; x_wconf 76' lang='lat' dir='ltr'>atqueapecca·</span> 
     </span>
     <span class='ocr_line' id='line_1_18' title="bbox 351 2207 1454 2305; baseline -0.004 -16"><span class='ocrx_word' id='word_1_127' title='bbox 351 2229 394 2289; x_wconf 89' lang='lat' dir='ltr'>to</span> <span class='ocrx_word' id='word_1_128' title='bbox 414 2209 606 2287; x_wconf 87' lang='lat' dir='ltr'>comestos.</span> <span class='ocrx_word' id='word_1_129' title='bbox 664 2207 753 2281; x_wconf 86' lang='lat' dir='ltr'>Haec</span> <span class='ocrx_word' id='word_1_130' title='bbox 768 2210 861 2283; x_wconf 91' lang='lat' dir='ltr'>enirn</span> <span class='ocrx_word' id='word_1_131' title='bbox 884 2210 1044 2282; x_wconf 86' lang='lat' dir='ltr'>virorum</span> <span class='ocrx_word' id='word_1_132' title='bbox 1062 2232 1160 2284; x_wconf 87' lang='lat' dir='ltr'>mors</span> <span class='ocrx_word' id='word_1_133' title='bbox 1176 2212 1250 2305; x_wconf 89' lang='lat' dir='ltr'>est,</span> <span class='ocrx_word' id='word_1_134' title='bbox 1284 2215 1417 2285; x_wconf 89' lang='lat' dir='ltr'>vivere</span> <span class='ocrx_word' id='word_1_135' title='bbox 1452 2209 1454 2216; x_wconf 80' lang='lat'>&#39;</span> 
     </span>
     <span class='ocr_line' id='line_1_19' title="bbox 279 2305 1416 2405; baseline -0.003 -17"><span class='ocrx_word' id='word_1_136' title='bbox 279 2333 284 2340; x_wconf 89' lang='lat'><em>·</em></span> <span class='ocrx_word' id='word_1_137' title='bbox 353 2315 470 2405; x_wconf 86' lang='lat' dir='ltr'>luxui,</span> <span class='ocrx_word' id='word_1_138' title='bbox 496 2309 638 2400; x_wconf 89' lang='lat' dir='ltr'>somno,</span> <span class='ocrx_word' id='word_1_139' title='bbox 664 2305 866 2404; x_wconf 86' lang='lat' dir='ltr'>sacrilegiis,</span> <span class='ocrx_word' id='word_1_140' title='bbox 892 2310 1088 2401; x_wconf 81' lang='lat' dir='ltr'>adulteriis,</span> <span class='ocrx_word' id='word_1_141' title='bbox 1114 2311 1278 2384; x_wconf 89' lang='lat' dir='ltr'>caedibus.</span> <span class='ocrx_word' id='word_1_142' title='bbox 1330 2312 1416 2385; x_wconf 90' lang='lat' dir='ltr'>Deo</span> 
     </span>
    </p>
   </div>
   <div class='ocr_carea' id='block_1_5' title="bbox 228 2407 1417 2510">
    <p class='ocr_par' dir='ltr' id='par_1_6' title="bbox 228 2407 1417 2510">
     <span class='ocr_line' id='line_1_20' title="bbox 228 2407 1417 2510; baseline 0.006 -33"><span class='ocrx_word' id='word_1_143' title='bbox 228 2407 245 2463; x_wconf 67' lang='grc' dir='ltr'>ἰ</span> <span class='ocrx_word' id='word_1_144' title='bbox 354 2434 443 2510; x_wconf 83' lang='lat' dir='ltr'>ergo</span> <span class='ocrx_word' id='word_1_145' title='bbox 470 2411 589 2509; x_wconf 85' lang='lat' dir='ltr'>gratiae</span> <span class='ocrx_word' id='word_1_146' title='bbox 611 2410 754 2504; x_wconf 84' lang='lat' dir='ltr'>agendae</span> <span class='ocrx_word' id='word_1_147' title='bbox 776 2408 855 2481; x_wconf 92' lang='lat' dir='ltr'>sunt</span> <span class='ocrx_word' id='word_1_148' title='bbox 878 2411 1034 2489; x_wconf 89' lang='lat' dir='ltr'>manenti</span> <span class='ocrx_word' id='word_1_149' title='bbox 1051 2411 1088 2482; x_wconf 93' lang='lat' dir='ltr'>in</span> <span class='ocrx_word' id='word_1_150' title='bbox 1108 2431 1193 2481; x_wconf 87' lang='lat' dir='ltr'>nos:</span> <span class='ocrx_word' id='word_1_151' title='bbox 1230 2412 1329 2502; x_wconf 90' lang='lat' dir='ltr'>quod</span> <span class='ocrx_word' id='word_1_152' title='bbox 1351 2430 1417 2506; x_wconf 87' lang='lat' dir='ltr'>per</span> 
     </span>
    </p>
   </div>
   <div class='ocr_carea' id='block_1_6' title="bbox 265 2507 1419 4276">
    <p class='ocr_par' dir='ltr' id='par_1_7' title="bbox 350 2507 1418 3099">
     <span class='ocr_line' id='line_1_21' title="bbox 351 2507 1416 2605; baseline -0.001 -18"><span class='ocrx_word' id='word_1_153' title='bbox 351 2513 460 2588; x_wconf 87' lang='lat' dir='ltr'>fidem</span> <span class='ocrx_word' id='word_1_154' title='bbox 479 2512 554 2603; x_wconf 87' lang='lat' dir='ltr'>ejus</span> <span class='ocrx_word' id='word_1_155' title='bbox 570 2507 837 2599; x_wconf 73' lang='lat' dir='ltr'>doctrinamque</span> <span class='ocrx_word' id='word_1_156' title='bbox 855 2511 1025 2582; x_wconf 87' lang='lat' dir='ltr'>viventes</span> <span class='ocrx_word' id='word_1_157' title='bbox 1046 2531 1121 2583; x_wconf 94' lang='lat' dir='ltr'>non</span> <span class='ocrx_word' id='word_1_158' title='bbox 1139 2510 1354 2605; x_wconf 87' lang='lat' dir='ltr'>deglutimur</span> <span class='ocrx_word' id='word_1_159' title='bbox 1371 2514 1416 2586; x_wconf 89' lang='lat' dir='ltr'>ab</span> 
     </span>
     <span class='ocr_line' id='line_1_22' title="bbox 350 2609 1417 2704; baseline -0.006 -16"><span class='ocrx_word' id='word_1_160' title='bbox 350 2614 436 2688; x_wconf 90' lang='lat' dir='ltr'>istis.</span> <span class='ocrx_word' id='word_1_161' title='bbox 485 2610 544 2684; x_wconf 89' lang='lat' dir='ltr'>Fit</span> <span class='ocrx_word' id='word_1_162' title='bbox 558 2629 645 2704; x_wconf 84' lang='lat' dir='ltr'>ergo</span> <span class='ocrx_word' id='word_1_163' title='bbox 665 2609 724 2680; x_wconf 90' lang='lat' dir='ltr'>hic</span> <span class='ocrx_word' id='word_1_164' title='bbox 741 2611 777 2680; x_wconf 92' lang='lat' dir='ltr'>in</span> <span class='ocrx_word' id='word_1_165' title='bbox 792 2610 1031 2703; x_wconf 89' lang='lat' dir='ltr'>gratulatione</span> <span class='ocrx_word' id='word_1_166' title='bbox 1042 2610 1150 2700; x_wconf 87' lang='lat' dir='ltr'>ordo,</span> <span class='ocrx_word' id='word_1_167' title='bbox 1177 2613 1234 2701; x_wconf 87' lang='lat' dir='ltr'>qni</span> <span class='ocrx_word' id='word_1_168' title='bbox 1246 2610 1340 2683; x_wconf 92' lang='lat' dir='ltr'>estin</span> <span class='ocrx_word' id='word_1_169' title='bbox 1353 2612 1417 2682; x_wconf 91' lang='lat' dir='ltr'>ini·</span> 
     </span>
     <span class='ocr_line' id='line_1_23' title="bbox 352 2706 1418 2803; baseline -0.003 -20"><span class='ocrx_word' id='word_1_170' title='bbox 352 2710 559 2802; x_wconf 88' lang='lat' dir='ltr'>quitatibus.</span> <span class='ocrx_word' id='word_1_171' title='bbox 611 2707 777 2798; x_wconf 88' lang='lat' dir='ltr'>Namque</span> <span class='ocrx_word' id='word_1_172' title='bbox 788 2712 831 2780; x_wconf 87' lang='lat' dir='ltr'>ab</span> <span class='ocrx_word' id='word_1_173' title='bbox 847 2706 1106 2803; x_wconf 86' lang='lat' dir='ltr'>insurgentibus</span> <span class='ocrx_word' id='word_1_174' title='bbox 1123 2712 1273 2802; x_wconf 88' lang='lat' dir='ltr'>primum</span> <span class='ocrx_word' id='word_1_175' title='bbox 1288 2711 1418 2782; x_wconf 83' lang='lat' dir='ltr'>adver·</span> 
     </span>
     <span class='ocr_line' id='line_1_24' title="bbox 353 2806 1416 2902; baseline -0.003 -18"><span class='ocrx_word' id='word_1_176' title='bbox 353 2810 409 2885; x_wconf 85' lang='lat' dir='ltr'>sus</span> <span class='ocrx_word' id='word_1_177' title='bbox 430 2831 498 2882; x_wconf 90' lang='lat' dir='ltr'>nos</span> <span class='ocrx_word' id='word_1_178' title='bbox 522 2806 685 2902; x_wconf 91' lang='lat' dir='ltr'>deglutiti</span> <span class='ocrx_word' id='word_1_179' title='bbox 708 2828 782 2878; x_wconf 92' lang='lat' dir='ltr'>non</span> <span class='ocrx_word' id='word_1_180' title='bbox 800 2809 952 2894; x_wconf 80' lang='lat' dir='ltr'>erimns3</span> <span class='ocrx_word' id='word_1_181' title='bbox 987 2807 1110 2881; x_wconf 89' lang='lat' dir='ltr'>sedne</span> <span class='ocrx_word' id='word_1_182' title='bbox 1133 2809 1257 2902; x_wconf 88' lang='lat' dir='ltr'>postea</span> <span class='ocrx_word' id='word_1_183' title='bbox 1273 2811 1416 2901; x_wconf 81' lang='lat' dir='ltr'>quidem</span> 
     </span>
     <span class='ocr_line' id='line_1_25' title="bbox 351 2907 1416 3005; baseline -0.003 -23"><span class='ocrx_word' id='word_1_184' title='bbox 351 2909 584 2982; x_wconf 87' lang='lat' dir='ltr'>irascentibus</span> <span class='ocrx_word' id='word_1_185' title='bbox 608 2926 733 2979; x_wconf 91' lang='lat' dir='ltr'>eorum</span> <span class='ocrx_word' id='word_1_186' title='bbox 754 2907 876 2981; x_wconf 89' lang='lat' dir='ltr'>animis</span> <span class='ocrx_word' id='word_1_187' title='bbox 896 2910 939 2979; x_wconf 88' lang='lat' dir='ltr'>ab</span> <span class='ocrx_word' id='word_1_188' title='bbox 962 2928 1071 3001; x_wconf 89' lang='lat' dir='ltr'>aqua,</span> <span class='ocrx_word' id='word_1_189' title='bbox 1103 2925 1322 3005; x_wconf 88' lang='lat' dir='ltr'>protegente</span> <span class='ocrx_word' id='word_1_190' title='bbox 1340 2908 1416 2981; x_wconf 90' lang='lat' dir='ltr'>Do·</span> 
     </span>
     <span class='ocr_line' id='line_1_26' title="bbox 351 3005 778 3099; baseline -0.014 -13"><span class='ocrx_word' id='word_1_191' title='bbox 351 3010 473 3099; x_wconf 82' lang='lat' dir='ltr'>rnin0‚</span> <span class='ocrx_word' id='word_1_192' title='bbox 500 3005 778 3081; x_wconf 88' lang='lat' dir='ltr'>absorbebimur.</span> 
     </span>
    </p>

    <p class='ocr_par' dir='ltr' id='par_1_8' title="bbox 265 3106 1419 4276">
     <span class='ocr_line' id='line_1_27' title="bbox 357 3106 1419 3197; baseline 0.002 -20"><span class='ocrx_word' id='word_1_193' title='bbox 357 3122 359 3126; x_wconf 71' lang='lat'>‘</span> <span class='ocrx_word' id='word_1_194' title='bbox 453 3130 488 3197; x_wconf 81' lang='lat'>5.</span> <span class='ocrx_word' id='word_1_195' title='bbox 515 3107 578 3178; x_wconf 85' lang='lat' dir='ltr'>Ait</span> <span class='ocrx_word' id='word_1_196' title='bbox 591 3107 703 3178; x_wconf 88' lang='lat' dir='ltr'>enirn:</span> <span class='ocrx_word' id='word_1_197' title='bbox 734 3110 774 3176; x_wconf 81' lang='lat' dir='ltr'>ln</span> <span class='ocrx_word' id='word_1_198' title='bbox 786 3130 818 3174; x_wconf 86' lang='lat' dir='ltr'>eo</span> <span class='ocrx_word' id='word_1_199' title='bbox 832 3127 900 3175; x_wconf 87' lang='lat' dir='ltr'>curn</span> <span class='ocrx_word' id='word_1_200' title='bbox 912 3106 1095 3194; x_wconf 80' lang='lat' dir='ltr'>irasceretur</span> <span class='ocrx_word' id='word_1_201' title='bbox 1103 3111 1231 3178; x_wconf 84' lang='lat' dir='ltr'>animus</span> <span class='ocrx_word' id='word_1_202' title='bbox 1245 3108 1419 3179; x_wconf 80' lang='lat' dir='ltr'>errumad·</span> 
     </span>
     <span class='ocr_line' id='line_1_28' title="bbox 353 3194 1416 3301; baseline 0.002 -22"><span class='ocrx_word' id='word_1_203' title='bbox 353 3208 464 3296; x_wconf 81' lang='lat' dir='ltr'>versus</span> <span class='ocrx_word' id='word_1_204' title='bbox 479 3231 546 3293; x_wconf 82' lang='lat' dir='ltr'>nor,</span> <span class='ocrx_word' id='word_1_205' title='bbox 567 3205 710 3297; x_wconf 76' lang='lat' dir='ltr'>forfitan</span> <span class='ocrx_word' id='word_1_206' title='bbox 726 3232 807 3301; x_wconf 81' lang='lat' dir='ltr'>aqua</span> <span class='ocrx_word' id='word_1_207' title='bbox 824 3203 1015 3296; x_wconf 71' lang='lat' dir='ltr'>absorbuisset</span> <span class='ocrx_word' id='word_1_208' title='bbox 1032 3232 1098 3279; x_wconf 84' lang='lat' dir='ltr'>nor.</span> <span class='ocrx_word' id='word_1_209' title='bbox 1152 3207 1220 3281; x_wconf 86' lang='lat' dir='ltr'>Sed</span> <span class='ocrx_word' id='word_1_210' title='bbox 1240 3194 1323 3296; x_wconf 83' lang='lat' dir='ltr'>quid</span> <span class='ocrx_word' id='word_1_211' title='bbox 1342 3210 1416 3281; x_wconf 83' lang='lat' dir='ltr'>hoc</span> 
     </span>
     <span class='ocr_line' id='line_1_29' title="bbox 354 3303 1419 3397; baseline -0.005 -15"><span class='ocrx_word' id='word_1_212' title='bbox 354 3306 432 3382; x_wconf 74' lang='lat' dir='ltr'>est?</span> <span class='ocrx_word' id='word_1_213' title='bbox 466 3305 585 3379; x_wconf 87' lang='lat' dir='ltr'>Animi</span> <span class='ocrx_word' id='word_1_214' title='bbox 603 3305 785 3378; x_wconf 89' lang='lat' dir='ltr'>hominum</span> <span class='ocrx_word' id='word_1_215' title='bbox 805 3303 1022 3397; x_wconf 85' lang='lat' dir='ltr'>irascuntur,</span> <span class='ocrx_word' id='word_1_216' title='bbox 1054 3306 1197 3396; x_wconf 88' lang='lat' dir='ltr'>&amp;aqua</span> <span class='ocrx_word' id='word_1_217' title='bbox 1211 3328 1278 3379; x_wconf 90' lang='lat' dir='ltr'>nos</span> <span class='ocrx_word' id='word_1_218' title='bbox 1300 3306 1419 3377; x_wconf 89' lang='lat' dir='ltr'>absor-</span> 
     </span>
     <span class='ocr_line' id='line_1_30' title="bbox 354 3404 1419 3494; baseline -0.005 -12"><span class='ocrx_word' id='word_1_219' title='bbox 354 3404 443 3483; x_wconf 70' lang='lat' dir='ltr'>bet?</span> <span class='ocrx_word' id='word_1_220' title='bbox 474 3404 656 3494; x_wconf 91' lang='lat' dir='ltr'>Numquid</span> <span class='ocrx_word' id='word_1_221' title='bbox 674 3406 717 3475; x_wconf 91' lang='lat' dir='ltr'>ad</span> <span class='ocrx_word' id='word_1_222' title='bbox 736 3418 857 3477; x_wconf 89' lang='lat' dir='ltr'>motus</span> <span class='ocrx_word' id='word_1_223' title='bbox 879 3407 1049 3478; x_wconf 87' lang='lat' dir='ltr'>mentium</span> <span class='ocrx_word' id='word_1_224' title='bbox 1069 3407 1292 3478; x_wconf 88' lang='lat' dir='ltr'>incitatarum</span> <span class='ocrx_word' id='word_1_225' title='bbox 1316 3408 1419 3481; x_wconf 87' lang='lat' dir='ltr'>ultri-</span> 
     </span>
     <span class='ocr_line' id='line_1_31' title="bbox 356 3502 1417 3597; baseline -0.002 -16"><span class='ocrx_word' id='word_1_226' title='bbox 356 3528 416 3581; x_wconf 86' lang='lat' dir='ltr'>ces</span> <span class='ocrx_word' id='word_1_227' title='bbox 436 3525 534 3597; x_wconf 81' lang='lat' dir='ltr'>aquae</span> <span class='ocrx_word' id='word_1_228' title='bbox 549 3502 713 3595; x_wconf 80' lang='lat' dir='ltr'>alsrstunt,</span> <span class='ocrx_word' id='word_1_229' title='bbox 740 3504 985 3576; x_wconf 34' lang='lat' dir='ltr'>autranimales</span> <span class='ocrx_word' id='word_1_230' title='bbox 1001 3504 1091 3594; x_wconf 77' lang='lat' dir='ltr'>sunt,</span> <span class='ocrx_word' id='word_1_231' title='bbox 1118 3519 1158 3576; x_wconf 90' lang='lat' dir='ltr'>ut</span> <span class='ocrx_word' id='word_1_232' title='bbox 1176 3504 1417 3579; x_wconf 65' lang='lat' dir='ltr'>absorbeant?</span> 
     </span>
     <span class='ocr_line' id='line_1_32' title="bbox 327 3602 1417 3703; baseline -0.004 -24"><span class='ocrx_word' id='word_1_233' title='bbox 327 3696 334 3703; x_wconf 89' lang='lat'>.</span> <span class='ocrx_word' id='word_1_234' title='bbox 355 3604 509 3679; x_wconf 85' lang='lat' dir='ltr'>Enecari</span> <span class='ocrx_word' id='word_1_235' title='bbox 526 3605 562 3676; x_wconf 89' lang='lat' dir='ltr'>in</span> <span class='ocrx_word' id='word_1_236' title='bbox 580 3622 688 3693; x_wconf 89' lang='lat' dir='ltr'>aqua,</span> <span class='ocrx_word' id='word_1_237' title='bbox 715 3605 774 3691; x_wconf 91' lang='lat' dir='ltr'>qui</span> <span class='ocrx_word' id='word_1_238' title='bbox 794 3602 939 3676; x_wconf 77' lang='lat' dir='ltr'>demersi</span> <span class='ocrx_word' id='word_1_239' title='bbox 956 3603 1054 3695; x_wconf 86' lang='lat' dir='ltr'>sunt,</span> <span class='ocrx_word' id='word_1_240' title='bbox 1081 3602 1248 3696; x_wconf 77' lang='lat' dir='ltr'>possunt?</span> <span class='ocrx_word' id='word_1_241' title='bbox 1281 3604 1417 3677; x_wconf 88' lang='lat' dir='ltr'>Absor-</span> 
     </span>
     <span class='ocr_line' id='line_1_33' title="bbox 356 3701 1417 3801; baseline -0.004 -22"><span class='ocrx_word' id='word_1_242' title='bbox 356 3709 445 3779; x_wconf 87' lang='lat' dir='ltr'>bere</span> <span class='ocrx_word' id='word_1_243' title='bbox 459 3702 637 3794; x_wconf 88' lang='lat' dir='ltr'>autemid,</span> <span class='ocrx_word' id='word_1_244' title='bbox 664 3701 959 3791; x_wconf 82' lang='lat' dir='ltr'>quodinanimnle</span> <span class='ocrx_word' id='word_1_245' title='bbox 977 3702 1040 3793; x_wconf 82' lang='lat' dir='ltr'>est,</span> <span class='ocrx_word' id='word_1_246' title='bbox 1066 3725 1142 3775; x_wconf 92' lang='lat' dir='ltr'>non</span> <span class='ocrx_word' id='word_1_247' title='bbox 1155 3703 1284 3795; x_wconf 81' lang='lat' dir='ltr'>potest.</span> <span class='ocrx_word' id='word_1_248' title='bbox 1313 3708 1417 3801; x_wconf 79' lang='lat' dir='ltr'>Que-</span> 
     </span>
     <span class='ocr_line' id='line_1_34' title="bbox 355 3799 1415 3973; baseline 0.001 -98"><span class='ocrx_word' id='word_1_249' title='bbox 355 3805 506 3878; x_wconf 87' lang='lat' dir='ltr'>rendum</span> <span class='ocrx_word' id='word_1_250' title='bbox 529 3820 617 3973; x_wconf 55' lang='lat' dir='ltr'>ergo</span> <span class='ocrx_word' id='word_1_251' title='bbox 637 3802 743 3873; x_wconf 91' lang='lat' dir='ltr'>nobis</span> <span class='ocrx_word' id='word_1_252' title='bbox 767 3799 840 3891; x_wconf 84' lang='lat' dir='ltr'>est,</span> <span class='ocrx_word' id='word_1_253' title='bbox 880 3803 961 3891; x_wconf 90' lang='lat' dir='ltr'>quid</span> <span class='ocrx_word' id='word_1_254' title='bbox 983 3804 1040 3874; x_wconf 92' lang='lat' dir='ltr'>hic</span> <span class='ocrx_word' id='word_1_255' title='bbox 1060 3804 1208 3898; x_wconf 89' lang='lat' dir='ltr'>intelligi</span> <span class='ocrx_word' id='word_1_256' title='bbox 1233 3816 1415 3896; x_wconf 89' lang='lat' dir='ltr'>oporteat.</span> 
     </span>
     <span class='ocr_line' id='line_1_35' title="bbox 356 3899 1417 3993; baseline -0.003 -19"><span class='ocrx_word' id='word_1_257' title='bbox 356 3901 406 3975; x_wconf 85' lang='lat' dir='ltr'>Et</span> <span class='ocrx_word' id='word_1_258' title='bbox 420 3903 560 3976; x_wconf 89' lang='lat' dir='ltr'>memini</span> <span class='ocrx_word' id='word_1_259' title='bbox 592 3923 612 3973; x_wconf 91' lang='lat' dir='ltr'>e</span> <span class='ocrx_word' id='word_1_260' title='bbox 629 3919 754 3972; x_wconf 88' lang='lat' dir='ltr'>eorum</span> <span class='ocrx_word' id='word_1_261' title='bbox 771 3900 939 3973; x_wconf 87' lang='lat' dir='ltr'>locorum</span> <span class='ocrx_word' id='word_1_262' title='bbox 959 3899 1187 3975; x_wconf 73' lang='lat' dir='ltr'>necessarium</span> <span class='ocrx_word' id='word_1_263' title='bbox 1203 3902 1266 3993; x_wconf 88' lang='lat' dir='ltr'>est,</span> <span class='ocrx_word' id='word_1_264' title='bbox 1291 3903 1327 3973; x_wconf 93' lang='lat' dir='ltr'>in</span> <span class='ocrx_word' id='word_1_265' title='bbox 1341 3903 1417 3992; x_wconf 91' lang='lat' dir='ltr'>qui·</span> 
     </span>
     <span class='ocr_line' id='line_1_36' title="bbox 354 3997 1416 4091; baseline -0.004 -16"><span class='ocrx_word' id='word_1_266' title='bbox 354 4003 425 4076; x_wconf 93' lang='lat' dir='ltr'>bus·</span> <span class='ocrx_word' id='word_1_267' title='bbox 438 4021 536 4091; x_wconf 81' lang='lat' dir='ltr'>aquae</span> <span class='ocrx_word' id='word_1_268' title='bbox 555 3997 645 4073; x_wconf 73' lang='lat' dir='ltr'>facia</span> <span class='ocrx_word' id='word_1_269' title='bbox 661 3998 703 4071; x_wconf 86' lang='lat' dir='ltr'>stt</span> <span class='ocrx_word' id='word_1_270' title='bbox 723 4001 874 4074; x_wconf 87' lang='lat' dir='ltr'>mentio.</span> <span class='ocrx_word' id='word_1_271' title='bbox 926 3999 975 4072; x_wconf 85' lang='lat' dir='ltr'>Et</span> <span class='ocrx_word' id='word_1_272' title='bbox 996 4002 1136 4091; x_wconf 89' lang='lat' dir='ltr'>quidem</span> <span class='ocrx_word' id='word_1_273' title='bbox 1155 4005 1190 4075; x_wconf 91' lang='lat' dir='ltr'>in</span> <span class='ocrx_word' id='word_1_274' title='bbox 1211 4002 1361 4075; x_wconf 83' lang='lat' dir='ltr'>exordio</span> <span class='ocrx_word' id='word_1_275' title='bbox 1375 4001 1416 4072; x_wconf 92' lang='lat' dir='ltr'>li·</span> 
     </span>
     <span class='ocr_line' id='line_1_37' title="bbox 265 4094 1417 4276; baseline -0.004 -99"><span class='ocrx_word' id='word_1_276' title='bbox 265 4116 268 4125; x_wconf 83' lang='lat'>·</span> <span class='ocrx_word' id='word_1_277' title='bbox 354 4103 411 4177; x_wconf 89' lang='lat' dir='ltr'>bri</span> <span class='ocrx_word' id='word_1_278' title='bbox 429 4094 577 4176; x_wconf 82' lang='lat' dir='ltr'>Genefis</span> <span class='ocrx_word' id='word_1_279' title='bbox 592 4100 643 4174; x_wconf 90' lang='lat' dir='ltr'>ita</span> <span class='ocrx_word' id='word_1_280' title='bbox 654 4095 822 4197; x_wconf 88' lang='lat' dir='ltr'>scriptum</span> <span class='ocrx_word' id='word_1_281' title='bbox 843 4097 910 4174; x_wconf 87' lang='lat' dir='ltr'>est:</span> <span class='ocrx_word' id='word_1_282' title='bbox 926 4156 929 4161; x_wconf 82' lang='grc'><strong>-</strong></span> <span class='ocrx_word' id='word_1_283' title='bbox 943 4097 993 4174; x_wconf 82' lang='lat' dir='ltr'>Et</span> <span class='ocrx_word' id='word_1_284' title='bbox 1011 4104 1170 4178; x_wconf 87' lang='lat' dir='ltr'>tenebrae</span> <span class='ocrx_word' id='word_1_285' title='bbox 1187 4099 1417 4276; x_wconf 39' lang='lat' dir='ltr'>eranatbsuper</span> 
     </span>
    </p>
   </div>
   <div class='ocr_carea' id='block_1_7' title="bbox 0 0 1676 4900">
    <p class='ocr_par' dir='ltr' id='par_1_9' title="bbox 0 0 1676 4900">
     <span class='ocr_line' id='line_1_38' title="bbox 0 0 1676 4900; baseline 0 0"><span class='ocrx_word' id='word_1_286' title='bbox 0 0 1676 4900; x_wconf 95' lang='lat' dir='ltr'> </span> 
     </span>
    </p>
   </div>
  </div>
 </body>
</html>
