3317 4900
355 497 359 508 Ι
451 369 777 484 ,inroraret
801 421 852 478 rra
877 397 1043 480 CXXV.
1068 399 1305 484 Psataroas.
1354 407 1439 516 ’σς

218 591 261 652 ta
369 563 731 670 gnumsrtPropbeta,
750 563 1179 660 tamquamignorantem,
1198 567 1440 642 amotoomn'l

218 700 231 748 a
367 666 591 764 captivitatis
619 666 824 758 opprobrio·
845 664 1039 760 gratulari,
1079 682 1160 737 cum
1189 665 1438 741 indemutabili

218 833 221 843 i
249 798 263 850 a
362 767 503 844 rursum
527 765 730 858 opprobrio
752 765 944 856 captivitas
965 763 1092 835 iterata
1109 760 1321 841 successerit.
1374 763 1438 840 Est

254 896 266 915 ·
363 885 486 946 autem
504 884 602 940 nunc
619 865 734 937 omnis
749 865 785 935 in
797 862 956 956 Psalmo„
974 861 1075 935 sicuti
1091 862 1304 959 singularum
1315 884 1437 942 rerum

363 967 594 1061 expolitione
614 961 910 1055 monstrabimus,
951 983 996 1035 ex
1023 966 1236 1056 captivitate
1261 965 1438 1060 vitiorum

360 1069 402 1143 in
422 1068 626 1140 libertatem
642 1062 864 1161 cognitionis
882 1062 953 1137 Dei
972 1063 1158 1137 redeuntis
1177 1065 1303 1138 anime
1319 1077 1437 1162 gratu«

249 1208 261 1225 ·
362 1170 468 1242 latio.

241 1269 248 1282 '
396 1289 398 1294 ·
465 1287 501 1357 4.
528 1260 576 1337 Et
604 1261 745 1355 quidem
770 1265 889 1358 gravis
912 1259 965 1334 est
990 1261 1184 1353 captivitas
1207 1261 1436 1356 corporalis,

365 1360 468 1462 q'ttae,
492 1366 574 1458 iure
587 1364 763 1436 libertatis
783 1361 925 1454 amiss0,
952 1360 1129 1434 victorum
1146 1355 1343 1435 dominatui
1358 1359 1437 1434 sub·

367 1469 476 1542 ditur.
527 1460 578 1536 Et
595 1463 758 1536 serviunt
777 1475 853 1534 tum
875 1460 1017 1552 quidem
1032 1481 1203 1555 corpora,
1231 1460 1290 1534 sed
1305 1481 1436 1552 neque·

223 1605 254 1623 ··
365 1585 471 1659 quam
492 1565 633 1656 capitur
648 1559 763 1634 fidelis
776 1562 900 1634 animae
914 1560 1071 1634 libertas.
1121 1558 1250 1634 Testes
1260 1559 1436 1635 suntmibl

238 1704 253 1722 ·
300 1703 302 1708 ·
365 1679 441 1739 tres
467 1664 570 1756 pueri
595 1665 690 1734 inter
712 1659 871 1734 flammas
896 1673 1100 1734 cantantes:
1138 1659 1236 1735 testis
1254 1661 1381 1734 Daniel
1397 1663 1436 1734 in

233 1805 250 1823 ·
362 1765 631 1853 fameleonum,
647 1760 840 1853 Prophetae
849 1759 1000 1853 prandio
1011 1757 1180 1833 saturatus
1190 1773 1210 1835 a·
1225 1761 1322 1834 testis
1333 1757 1437 1833 Elea·

365 1883 430 1938 zar
448 1865 543 1935 inter
557 1863 638 1953 jura
658 1860 908 1953 dominorum,
943 1859 1067 1951 patriis
1086 1855 1153 1930 suis
1170 1860 1307 1954 legibus
1325 1861 1435 1933 libert

231 2007 242 2020 ·
365 1961 478 2037 telles
501 1981 582 2033 com
599 1958 784 2033 matresua
803 1959 987 2052 Martyres
1009 1954 1162 2048 septem:
1197 1958 1283 2031 Deo
1304 1962 1435 2056 gratias

366 2055 708 2136 internovamortis
718 2073 900 2131 tormenta
909 2057 1119 2131 reserentes.
1163 2055 1216 2128 At
1226 2078 1318 2130 vero
1327 2079 1438 2150 quan·

370 2176 416 2236 to
436 2157 618 2233 infelicior
637 2157 818 2232 estanimae
833 2155 1053 2251 captivitas?
1080 2155 1115 2229 Si
1132 2177 1208 2231 eam
1220 2158 1368 2230 avaritia
1376 2179 1437 2232 ce·

368 2259 479 2356 perit,
506 2279 571 2354 per
591 2277 723 2351 corpus
743 2259 994 2349 latrocinatur,
1021 2254 1260 2353 acgralsatur:
1286 2256 1442 2331 silibido

369 2360 525 2452 vicerit,
546 2359 796 2457 ⁶communicat
813 2376 894 2429 cum
914 2377 1070 2451 corpore
1084 2355 1314 2431 servitutem:
1339 2355 1364 2432 sa
1384 2359 1437 2430 lu·

370 2481 459 2551 xus,
495 2461 566 2553 ira,
600 2459 742 2541 odium,
776 2458 981 2549 temeritas,
1008 2458 1180 2544 ebrietas,
1205 2459 1342 2531 invidia
1358 2454 1438 2531 sub·

369 2560 505 2656 egerit,
531 2557 585 2630 bis
601 2557 858 2649 imperantibus
870 2557 930 2629 sibi
947 2556 1283 2648 dominis&anirna,
1309 2557 1437 2631 &cor-

218 2704 231 2719 -
370 2678 441 2753 pus
463 2660 499 2730 in
519 2676 712 2730 commune
729 2656 965 2730 famulantur:
1000 2671 1107 2747 atque
1125 2659 1172 2729 ita
1187 2658 1437 2750 captivitatem

218 2793 221 2813 ·
298 2786 300 2791 ·
371 2758 517 2849 anime,
553 2756 774 2849 &corporis
797 2754 954 2847 sequitur
971 2757 1100 2830 mentis
1116 2759 1318 2850 captivitas.
1368 2754 1437 2830 Ce-

371 2874 490 2933 terum
518 2856 766 2929 conditionem
793 2857 961 2948 corporis
990 2853 1162 2952 religiose
1191 2856 1314 2930 anime
1330 2876 1438 2952 gene·

218 3003 227 3018 -
307 3018 310 3024 .
371 2956 497 3031 solitas
513 2955 671 3049 despicit.
722 2952 893 3029 Officium
910 2955 1051 3049 quidem
1067 2957 1213 3046 durum,
1240 2971 1360 3029 tamen
1372 2958 1439 3030 bo-

372 3057 456 3132 mini
477 3076 553 3129 non
573 3057 723 3130 omnino
741 3055 959 3148 miserabile,
984 3056 1065 3147 quia
1081 3054 1291 3131 serviatura
1307 3054 1435 3130 serviat

373 3170 518 3230 atvero
535 3156 658 3230 anime
677 3157 869 3248 captivitas
884 3176 989 3245 quam
1006 3154 1131 3228 infelix
1152 3152 1230 3227 est?

473 3275 507 3346 5.
534 3256 678 3327 Avarus
696 3256 871 3327 cariturus
890 3253 1091 3345 semetipso,
1118 3274 1241 3328 carere
1256 3254 1360 3327 timet
1376 3274 1437 3345 pe-

374 3354 501 3442 cunia3
527 3353 759 3450 negotiosus,
786 3352 913 3444 tristis,
940 3355 1085 3446 anxius,
1109 3352 1182 3431 fine
1196 3357 1320 3445 requie
1337 3354 1437 3443 ulla,

373 3453 492 3528 damni
513 3471 613 3529 metu
630 3453 766 3545 semper
782 3453 1000 3538 detinetor3·
1014 3452 1209 3527 honestatis
1228 3455 1438 3544 immemor,

374 3551 875 3644 amicitiarum-inobservans,
899 3553 1126 3627 humanitatis
1141 3553 1269 3649 sagax,
1294 3551 1438 3645 religio·

312 3696 315 3703 ·
373 3670 460 3725 nem
484 3648 615 3744 nescit,
651 3654 855 3726 bonitatem
874 3654 1023 3726 omnino
1045 3652 1136 3743 odit.
1200 3650 1253 3722 At
1269 3669 1362 3722 vero
1379 3648 1439 3725 eol

373 3750 491 3825 libido
511 3749 654 3824 domina
666 3752 731 3843 est,
756 3754 882 3843 inquo
898 3773 1002 3825 coeno
1019 3752 1205 3826 dedecoris
1222 3746 1439 3825 volutaturl

370 3844 513 3925 Pendet
526 3849 569 3921 ad
587 3849 793 3925 occasiones
802 3854 1078 3926 adulteriorum:
1106 3848 1440 3924 anxiuscircalasci·

376 3951 448 4025 niae
469 3945 536 4021 soae
551 3947 661 4040 furta,
687 3953 817 4042 oeulis,
843 3964 977 4043 mente,
1006 3970 1164 4041 corpore
1180 3960 1281 4023 totos
1299 3946 1442 4023 inscor·

378 4048 423 4125 tis
443 4047 504 4124 est.
557 4048 695 4122 Vident
715 4050 901 4147 quotidie,
927 4067 1034 4145 atque
1056 4048 1201 4125 audiens
1216 4050 1385 4126 humanas
1402 4047 1442 4125 io

426 4150 466 4227 S.
481 4149 612 4226 Hilarii
629 4142 717 4228 Tm.
732 4150 800 4229 111.
1021 4144 1073 4223 ,Ε
1296 4148 1393 4227 adul·
