3317 4900
572 465 621 522 m
645 429 842 524 scama
865 445 1127 532 limam.
1235 469 1358 536 xxm
1388 537 1392 544 .

278 607 335 702 ills
351 619 479 686 tamen
493 606 702 684 felicitatem
716 610 818 706 regni
835 577 908 704 Dei
922 608 1136 686 beatitudini
1153 625 1344 704 conquam

258 747 353 801 aon
367 726 527 802 videtur
575 727 670 802 Nam
694 748 776 806 cum
792 732 976 830 prologo
965 752 1003 804 m
1020 707 1264 824 Psalte'riumi
1283 753 1339 807 ll.

278 848 458 942 triplicem
469 847 611 944 gradum
627 850 670 921 ad
682 848 827 924 salutem
839 850 1058 948 distinguam
1084 870 1197 948 regno
1211 831 1339 928 Christi

275 988 351 1044 non
367 967 435 1042 dat·
443 966 501 1040 n1s1
519 966 724 1050 secundum,
750 970 914 1068 &regno
932 971 1001 1046 Dei
1018 969 1218 1064 iuprcmum
1229 963 1340 1043 reser-

273 1099 354 1163 vat.
405 1085 531 1180 „Cum
548 1092 643 1164 enim
658 1095 791 1183 primus
804 1090 932 1187 gradus
949 1090 991 1164 lt
1006 1091 1049 1164 ad
1063 1088 1209 1164 salutem
1225 1090 1260 1162 in
1271 1110 1335 1172 no·

271 1228 361 1282 vum
382 1206 563 1283 hominem
583 1209 665 1305 post
681 1225 914 1304 peccatorum
929 1209 1164 1314 remillionem
1180 1205 1347 1299 renasci;‚
1420 1209 1423 1218 '

270 1326 383 1419 litque
399 1327 480 1420 post
493 1332 711 1422 poenitentiae
724 1330 979 1408 confessionem
996 1350 1145 1430 regnum
1156 1327 1246 1410 illud
1259 1328 1334 1406 Do.-

269 1448 355 1530 mini
374 1449 412 1520 in
439 1445 561 1522 sanilae
588 1451 682 1522 illius
708 1451 866 1524 civitatis
882 1449 1073 1548 Jerusalem
1094 1462 1260 1556 tempora
1282 1469 1337 1524 re·

269 1567 483 1657 servatum3
497 1569 532 1641 δι
548 1569 672 1661 postea
689 1567 977 1646 consummatam
989 1590 1058 1644 nos
1073 1570 1204 1644 coelesti
1218 1569 1338 1682 gloria

270 1689 307 1788 io
324 1687 404 1762 Dei
411 1687 524 1762 Patris
536 1710 684 1785 regnum
700 1663 764 1782 pei
780 1709 927 1785 regnum
943 1688 1006 1764 filii
1019 1671 1261 1802 proficiamui.
1273 1690 1301 1730 “
1385 1744 1390 1774 .

280 1883 284 1888 .
369 1807 557 1884 Rursum
546 1832 583 1883 m
606 1809 658 1884 Ps.
683 1816 741 1882 62.
764 1814 797 1902 §
814 1829 849 1901 7
866 1809 1040 1902 triplicem
1054 1830 1255 1884 memorans
1280 1807 1338 1880 vi.

270 1939 355 2016 tam,
381 1929 418 2002 in
436 1928 606 2004 seculo
572 1931 751 2021 mmirum,
775 1929 813 2002 in
829 1925 986 2002 Abrahae
1003 1930 1091 2022 sinu,
1117 1929 1175 2002 &
1166 1950 1202 2004 m
1218 1929 1333 2020 coelo;

219 2079 221 2102 =
270 2049 379 2126 hane,
404 2069 507 2142 quam
523 2046 796 2123 misericordiam
812 2063 940 2140 vocat,
967 2046 1334 2141 quiapermisericor·
1402 2095 1404 2099 -

219 2229 221 2278 f
272 2170 368 2244 diam
382 2167 453 2262 Dei
471 2183 698 2261 proparatum
724 2166 860 2245 duabus
877 2169 952 2242 aliia
966 2169 1154 2244 meliorem
1171 2165 1333 2250 asserit.“

219 2369 220 2374 Ν
268 2284 333 2362 Est
348 2290 442 2362 enim
461 2288 536 2360 vita
548 2285 638 2383 ,post
657 2287 791 2379 vitam,
818 2308 886 2378 qua
900 2287 938 2361 in
948 2287 1109 2362 Abrahae
1129 2287 1259 2362 finibus
1279 2288 1331 2361 vi·

266 2407 425 2489 vendam
442 2407 514 2502 est,
549 2409 676 2500 inqua
698 2407 767 2482 Dei
793 2428 927 2483 nomen
951 2407 1115 2501 pauperis
1137 2409 1258 2500 quiete
1272 2408 1333 2483 ba·

265 2528 466 2623 nedicimr,
503 2527 694 2603 secundum
720 2528 806 2602 illud
831 2525 1041 2624 Prophetae:
1079 2526 1171 2601 Non
1197 2514 1332 2602 mortai

265 2649 464 2729 laudabunt
485 2663 547 2741 te,
578 2648 762 2742 Domine,
793 2646 853 2722 sed
869 2669 960 2742 nos,
986 2648 1047 2739 qui
1064 2647 1243 2736 vivimus,
1272 2648 1333 2719 be·

265 2767 466 2851 nedicimus
492 2766 700 2843 Dominum.
761 2764 875 2860 Super
891 2767 952 2841 has
969 2767 1077 2863 igitur
1094 2767 1187 2841 vitas
1203 2758 1332 2840 miseri-

267 2889 393 2963 cordia
412 2909 454 2963 ea
470 2887 541 2980 est,
569 2910 667 2981 quae,
695 2884 794 2979 quod
814 2887 942 2960 oculus
961 2909 1037 2962 non
1052 2884 1163 2980 vidit,
1190 2907 1257 2960 nec
1270 2870 1331 2965 au·

264 3011 312 3082 ris
336 3009 495 3101 audivit,
529 3010 654 3083 necin
675 3028 740 3080 cor
763 3006 1115 3101 hominisascendit‚
1152 3006 1230 3099 his,
1269 3006 1329 3099 qui

263 3128 463 3203 Dominum
480 3129 649 3224 diligunt,
675 3127 938 3218 praeparavit.“

365 3247 491 3338 ltaque
511 3243 1330 3339 Hilariusviderialiquomodopotestregnum
1410 3312 1417 3320 .

265 3364 394 3440 Christi
418 3368 464 3440 sic
483 3363 647 3461 spoliasse
665 3365 778 3438 veluti
799 3366 953 3441 medium
979 3365 1152 3459 quendam
1179 3362 1328 3439 statum,

265 3486 501 3578 miseriarum,
537 3507 623 3576 quas
642 3484 700 3557 hic
718 3487 891 3578 patimur,
911 3502 1128 3583 expertem,
1163 3480 1222 3557 sed
1238 3499 1329 3552 non·

266 3605 353 3679 dum
374 3594 448 3697 ejua
477 3604 683 3680 consortem
707 3604 907 3701 felicitatis,
946 3629 1022 3701 quae
1046 3605 1151 3679 nobis
1172 3599 1325 3703 inucoelis·
1373 3668 1377 3687 ,

264 3722 434 3821 promissa
457 3725 518 3801 est.
578 3725 762 3827 Quocirca
782 3728 820 3798 in
845 3724 1005 3828 Pl5119.
1036 3723 1068 3823 ᾗ.
1093 3746 1123 3798 1.
1152 3720 1258 3795 nobis
1281 3721 1326 3797 de

263 3859 388 3923 morte
412 3845 614 3920 nostrorum
645 3868 721 3920 non
744 3845 938 3921 dolendum
967 3845 1036 3920 else
1064 3845 1151 3916 hinc
1174 3844 1326 3936 probat,

263 3964 366 4058 quod
390 3964 631 4058 „nostrorum
648 3964 813 4066 abscaffio
828 3962 900 4061 spei
914 3964 1113 4041 communis
1132 3962 1173 4039 fit
1190 3965 1324 4038 accele-

263 4102 345 4161 rata
372 4087 633 4182 properatio.“
694 4085 744 4161 Et
765 4084 800 4184 i.
827 4108 885 4163 11.
907 4086 1046 4193 docet,
1079 4080 1207 4160 Christi
1234 4079 1327 4189 juffii

760 4229 832 4303 c4
1153 4226 1293 4307 „acco-
