3317 4900
440 441 821 520 Commentarius
854 459 907 516 tu
941 437 1243 540 Martianus!
1286 459 1356 541 333
1407 539 1411 544 ,

283 607 354 685 nifi
368 602 799 703 justitiamPhatisaeorum
818 599 1198 697 aequitateanteiilent,
1222 602 1358 681 denun-

292 712 385 784 tians
403 727 477 781 non
494 706 666 779 fututum.
719 702 915 793 Propolrtis
925 704 1031 799 igitur
1042 703 1112 793 his,
1138 707 1263 793 quaein
1277 708 1357 805 lege

291 809 495 905 prescripta
522 807 621 898 sunt,
657 799 824 900 proiectu
848 821 890 875 ea
920 821 996 876 non
1020 803 1221 878 abolitione
1244 818 1358 884 trans·

317 910 463 983 reditur.

290 931 314 1008 g
398 1028 453 1100 17.
480 1002 556 1075 Lex
583 1003 703 1076 vetuit
723 1002 914 1084 occidere,
946 1013 1085 1078 reatum
1101 1002 1286 1079 homicidii
1305 1003 1358 1082 se·

292 1110 450 1180 veritate
462 1102 585 1198 judicii
601 1105 797 1196 expiatura.
849 1101 919 1176 Sed
935 1102 1027 1174 male
1040 1103 1078 1175 in
1095 1104 1244 1179 alterurn
1258 1126 1358 1182 com·

292 1221 401 1283 motae
419 1205 548 1278 mentis
570 1203 713 1276 affectio
727 1205 820 1277 idem
836 1202 873 1273 in
890 1200 1095 1296 Evangeliis
1109 1203 1355 1297 habetpoenae:

294 1307 328 1379 dc
347 1328 391 1379 ex
404 1317 585 1398 precepto
604 1301 687 1402 fidei
698 1317 772 1376 non
790 1305 976 1375 mindsrca
993 1306 1045 1374 ita
1061 1301 1198 1377 estsine
1214 1309 1357 1382 ratione

293 1407 477 1498 suscepta,
510 1424 614 1494 quarn
638 1406 674 1475 in
702 1405 874 1496 operibus
892 1403 982 1498 legis
1000 1400 1243 1479 homicidium.
1285 1399 1357 1480 'Et

292 1512 351 1604 qui
373 1509 492 1574 dixerit
511 1505 620 1596 fratri
636 1503 699 1591 'suo
722 1504 838 1582 racha,
869 1527 939 1572 teus
962 1505 1181 1578 trittontiiio.
1231 1504 1357 1582 Racha

292 1607 494 1696 vacuitatis¹
507 1603 743 1694 opprobrium
763 1601 832 1675 est:
858 1601 968 1691 &qui
983 1599 1114 1676 Sancto
1133 1601 1267 1698 Spiritu
1282 1608 1356 1700 ple·

291 1727 377 1781 num
400 1703 573 1777 convicio
597 1703 788 1774 vacuitatis
813 1699 1010 1791 insimulat5
1036 1698 1177 1776 litteus
1198 1707 1357 1782 concilio

293 1803 525 1890 Sanctorum
565 1802 819 1876 contumeliam
846 1800 998 1890 Spiritus
1018 1797 1134 1875 Sentii
1147 1803 1359 1882 Sannorum

289 1905 463 1999 judicium
485 1901 791 1975 animadversione
806 1902 991 1974 luiturus·
1023 1903 1092 1994 Qui
1107 1918 1213 1974 antem
1223 1904 1359 1997 fatum

295 2007 430 2088 dixerit,
456 2025 526 2073 teus
549 2008 612 2071 erit
629 2004 777 2093 gebenna
795 2005 889 2095 ignit.
940 1998 1075 2072 Piaculi
1087 2005 1203 2100 magni
1218 2006 1359 2096 peticu-

293 2103 368 2177 lum
386 2101 458 2194 est,
491 2114 597 2191 quem
612 2098 716 2172 salem
734 2101 836 2174 Deus
850 2102 1135 2196 nuncupaverit,
1168 2123 1250 2177 cum
1268 2124 1358 2178 con·

296 2205 443 2276 tumelia
459 2200 625 2274 infatuati
645 2198 760 2274 sensus
777 2200 969 2274 lacescere:
996 2200 1237 2276 &stultorum
1254 2204 1359 2278 intel·

292 2303 474 2400 ligentiam
505 2299 708 2393 salientem,
747 2298 863 2372 stulta
886 2299 1131 2396 intelligentie
1152 2302 1358 2396 exasperare

292 2399 493 2478 maledicto,
556 2396 755 2475 istiusmodi
774 2400 882 2494 igitur
905 2401 1028 2474 aeterni
1047 2403 1137 2498 ignis
1159 2404 1230 2478 erit
1245 2406 1359 2497 pabu-

259 2492 377 2584 ‘lum
423 2501 495 2574 lta
519 2500 688 2593 quidquid
715 2501 773 2573 lex
799 2521 846 2574 ne
868 2501 906 2573 in
925 2500 1006 2596 ipsis
1022 2503 1164 2592 quidem
1185 2504 1357 2597 operibus

246 2634 248 2677 f
293 2601 491 2692 damnavit,
518 2598 799 2695 Evangeliorum
812 2595 904 2674 fides
916 2619 991 2693 -pro
1008 2602 1269 2677 contumeliosa
1281 2617 1358 2679 tau·
1451 2660 1454 2673 .

246 2737 248 2749 ·
292 2712 369 2774 tunt
388 2703 581 2774 verborum
596 2699 769 2781 facilitate
789 2699 1018 2773 condemnat.

401 2809 455 2878 18.
482 2796 610 2870 Mutua
625 2800 732 2895 igitur
749 2798 937 2872 universos
950 2798 1123 2874 charitate
1131 2799 1358 2897 devinciens,

246 2934 249 2985 :
292 2899 425 2974 nullam
442 2896 648 2991 impacificae
664 2900 840 2972 orationis
857 2897 936 2972 fieti
950 2918 1094 2991 precem
1116 2904 1271 2997 patitur:
1298 2903 1357 2977 sed

246 3035 249 3080 ς
292 2998 421 3075 altario
446 3018 596 3072 munera
617 2997 839 3092 offerentes,
872 2998 897 3073 li
916 2998 1155 3073 recordentur
1174 3002 1358 3078 habetest

246 3136 249 3179 2
294 3118 376 3172 cum
401 3098 570 3171 fratribus
591 3098 720 3188 aliquid
734 3099 972 3191 inclutum,
1009 3101 1266 3175 reconciliatos
1291 3104 1357 3175 hu·

290 3217 396 3272 mana
415 3217 504 3290 pace
527 3198 663 3269 reverti
688 3199 726 3270 in
750 3198 907 3272 divinam
925 3218 1050 3292 pacem
1064 3199 1189 3293 jubet,
1226 3203 1264 3275 in
1286 3201 1358 3275 Dei

292 3297 504 3371 charitatem
522 3298 566 3369 de
584 3298 757 3369 charitate
779 3299 964 3373 hominum
987 3298 1214 3373 transituros.

399 3402 466 3489 19.Ι
480 3392 528 3467 Et
548 3399 779 3486 quianullum
798 3410 939 3491 tempus
959 3418 1114 3473 vacuum
1134 3396 1264 3491 affcstu
1283 3401 1359 3493 pla·
1444 3458 1446 3463 .

293 3494 483 3568 cubilitatis
498 3494 567 3569 elle
580 3497 770 3588 permittit,
798 3501 873 3569 cito
891 3499 928 3572 in
943 3498 1041 3572 omni
1055 3499 1140 3571 vitae
1155 3499 1285 3573 nostre
1297 3502 1359 3576 via
1437 3528 1447 3543 ²

292 3596 519 3667 reconciliari
536 3618 604 3667 nos
622 3595 825 3669 adversario
848 3598 1069 3692 benignitate
1086 3600 1276 3693 precepit:
1308 3618 1357 3673 ne

291 3694 331 3767 in
349 3693 468 3766 reditu
490 3698 610 3790 gratiae
625 3697 778 3777 morosi,
813 3698 850 3769 in
869 3699 997 3770 mortis
1017 3712 1158 3789 tempus
1177 3718 1253 3771 non
1269 3698 1360 3773 inite

292 3814 384 3888 pace
401 3796 605 3888 veniamus,
641 3816 783 3886 nosque
798 3796 1017 3870 adversarius
1032 3797 1143 3890 judici
1157 3800 1296 3891 tradat,
1323 3796 1359 3871 dc

256 3896 259 3902 '
287 3894 403 3995 judex
424 3893 604 3985 ministro,
631 3895 716 3969 &in
739 3915 919 3969 carcerem
933 3898 1130 3990 mittamur,
1157 3897 1359 3971 &nonex-

291 3993 527 4083 'earnus'inde‚
554 3993 671 4065 donec
684 3994 1103 4070 reddamusnovillrmum
1115 3996 1359 4089 quadrantem.

284 4086 334 4173 {n
345 4094 537 4190 preceptis
552 4092 739 4169 dominicae
752 4095 931 4171 credonis
943 4096 1078 4173 remitti
1090 4097 1197 4173 nobit
1207 4108 1357 4265 ρεζὶῑι

344 4240 348 4255 .
1190 4214 1266 4274 uo.
