3317 4900
272 535 275 542 ,
315 389 317 394 Ι
366 433 1201 528 Taac'raauaruCXLVl.Pastorum.
1254 433 1325 548 aas

259 618 360 717 pidat
374 612 601 712 Apostolos,
626 611 808 687 Dominus
823 609 993 708 ingressus
1007 609 1077 686 est:
1103 609 1163 684 sed
1178 611 1326 688 alterius
1366 661 1373 676 ι
1403 670 1406 674 .

264 717 422 796 civitatis
456 728 533 789 erat
568 713 627 786 illa
657 713 812 788 latitia·
854 711 915 784 Ob
938 711 1032 784 illius'
1062 731 1151 808 ergo
1176 709 1327 794 aedifica·
1429 736 1432 742 ·

262 813 680 908 tionemProphetauos
699 811 879 896 advocat,
914 812 1052 894 diceus:
1090 815 1237 884 audate
1258 820 1345 886 llo-1
1408 879 1415 892 ,

262 921 400 1002 urinum,
425 919 574 1012 quoniam
587 912 740 1008 bruur'efl
754 910 921 1000 Psalmrrs:
950 915 1016 983 Deo
1029 911 1271 1084 ologiroiucundo
1286 916 1327 1004 fit

218 1045 226 1092 r
261 1021 415 1094 laudario.
441 1073 443 1078 .
465 1012 559 1087 Nou·
574 1011 665 1086 levis
677 1011 925 1106 gratulationis
938 1012 1051 1085 lause
1082 1064 1095 1105 ,
1122 1011 1328 1104 cujusPsal·
1360 1026 1363 1030 '

218 1107 539 1204 :musbonusest.
591 1109 1093 1203 Etl'salmusnontamvocis‚
1115 1112 1328 1204 utsrequen·
1382 1193 1386 1200 ,

218 1245 239 1296 ;
263 1235 321 1292 ter
344 1216 514 1305 diximus,
550 1232 653 1305 quarn
670 1231 859 1306 corporeas
877 1212 1097 1305 operationis
1115 1209 1270 1286 officium
1288 1216 1328 1290 sr-

218 1349 241 1398 ε
263 1313 431 1414 gnificare
444 1311 547 1386 solet.
599 1312 716 1388 Deum
734 1313 827 1385 enim
843 1326 1003 1388 nontam
1017 1310 1195 1403 sermone,
1222 1335 1328 1402 quam

218 1433 239 1498 ξ
262 1439 304 1490 re
322 1418 354 1490 d:
370 1411 472 1512 gestis
488 1411 702 1484 obedientiae
718 1412 917 1486 laudamus:
943 1423 984 1484 ut
997 1432 1092 1484 mare
1110 1410 1267 1506 surena,
1294 1417 1329 1489 lle

218 1553 241 1602 ε
265 1520 393 1592 coelum
409 1513 527 1588 Deum
544 1528 703 1585 nontam
717 1532 828 1603 voce,
856 1531 957 1601 quam
969 1506 1170 1586 officiorum
1183 1510 1328 1592 suorum

218 1687 228 1702 k
264 1614 502 1691 vicissitudine
529 1627 635 1700 atque
660 1608 916 1683 observatione
946 1611 1101 1687 laudant.
1153 1610 1328 1689 Advocat

218 1755 240 1804 :
264 1718 372 1814 igitur
389 1734 459 1788 nos
477 1710 660 1806 Propheta
679 1709 722 1782 ad
742 1708 810 1782 Dei
834 1707 997 1800 laudem,
1029 1717 1106 1807 quia
1125 1711 1226 1784 bonus:
1239 1715 1329 1803 Psal-

218 1855 240 1906 :
264 1842 334 1887 mus
356 1816 420 1904 eli:
447 1812 617 1906 denotat,
643 1823 686 1882 ut
700 1809 805 1902 hujus
824 1808 913 1883 boui
930 1805 1053 1883 Psalmi
1070 1817 1138 1884 Deo
1153 1814 1251 1910 austro
1262 1818 1331 1904 fiat

234 1961 239 2008 3
261 1909 406 2016 jucur'rda
422 1915 586 2003 laudario,
613 1907 746 1983 scilicet
767 1921 808 1982 ut
829 1909 1008 2004 placentia
1028 1908 1113 1983 Deo
1128 1933 1239 2008 opera
1261 1936 1330 1988 no·

218 2059 239 2110 e
267 2015 338 2090 stra
352 2013 440 2101 sint,
468 2031 531 2104 per
549 2029 626 2102 quae
644 2009 784 2084 anobis
797 2007 977 2108 gestorum
991 2007 1330 2090 nostrorumlauda·

218 2161 233 2212 g
267 2128 329 2190 tur
345 2111 531 2201 obsequio.

218 2203 236 2312 .,’
369 2233 402 2305 3.
428 2208 613 2304 AEdr'flrm
642 2208 821 2306 Jerusalem
847 2211 1029 2298 Dominus,
1068 2205 1108 2286 θ
1133 2210 1331 2307 dirpeffiruer

218 2363 237 2416 3
266 2315 368 2390 lsrael
388 2335 585 2410 congregans.
657 2311 729 2402 Qui
740 2309 840 2398 firmat
859 2316 1012 2381 contritos
1031 2310 1137 2390 corda,
1163 2309 1203 2386 (Ἰ
1221 2314 1331 2406 alligas

218 2466 234 2519 Ι
262 2418 469 2487 contritiones
478 2434 595 2487 aarum.
648 2413 835 2483 Numerare:
848 2410 1089 2481 multitudinem
1096 2411 1265 2508 fissorum,
1291 2411 1332 2491 sl·

218 2572 230 2599 .
261 2518 403 2589 omnibus
426 2514 479 2583 serr
496 2518 626 2585 nomina
650 2534 777 2585 vocans.
828 2508 1037 2583 Reversuris
1060 2509 1107 2584 de
1128 2510 1333 2605 Babylonia

218 2610 232 2693 ζ
263 2615 304 2687 in
330 2610 521 2707 Jerusalem
543 2611 671 2705 Judaeis
691 2607 753 2684 sub
777 2608 895 2684 Dario
916 2629 1001 2705 rege
1026 2609 1144 2685 editio
1170 2610 1330 2707 potestas

218 2710 230 2793 ζ
263 2714 347 2787 data
367 2711 416 2785 est
430 2711 647 2785 revertendi.
698 2708 831 2802 Neque
849 2710 931 2783 alibi
947 2722 1037 2803 tum,
1064 2718 1168 2803 quani
1183 2714 1332 2809 inregni

218 2796 230 2903 ζ
261 2812 476 2905 Babylonia:
490 2804 618 2883 finibus
641 2808 912 2885 detinebantur:
939 2830 987 2883 ex
1003 2830 1072 2904 qua
1089 2832 1178 2908 ergo
1198 2812 1331 2906 disper·

218 2910 228 3025 ἑ
261 2908 364 2986 sione
380 2910 489 2983 lsrael
515 2906 782 3007 congregaturi
814 2908 958 3004 Nempe
977 2908 1023 2982 de
1042 2932 1105 3001 ea,
1137 2913 1183 2985 de
1198 2933 1267 3004 qua
1282 2913 1333 2985 ait

219 3084 225 3095 ,
262 3010 468 3087 Dominus:
508 3006 659 3083 Emittet
685 3006 849 3107 Angelos
872 3008 954 3083 suos
977 3029 1058 3085 curn
1080 3012 1167 3085 tuba
1184 3012 1217 3085 dr
1233 3034 1332 3087 voce

218 3110 228 3211 ζ
261 3132 404 3209 magna,
430 3110 717 3207 &congregabit
736 3107 871 3184 elesius
885 3124 1071 3200 :quatuor
1089 3113 1223 3207 angulis
1240 3134 1331 3184 ven·

218 3218 227 3301 ζ
263 3223 408 3303 torum,
446 3230 600 3301 quorum
626 3210 861 3306 congregatio
883 3222 1015 3283 coetum
1034 3209 1156 3283 sancte
1171 3212 1330 3285 civitatis

218 3310 228 3403 ζ
264 3309 419 3401 efficiet,
454 3330 531 3402 quae
549 3309 660 3382 hodie
683 3330 748 3402 per
771 3308 844 3401 spei
869 3304 1003 3381 &fidei
1028 3328 1121 3403 opus
1135 3302 1331 3385 aedificatur

218 3408 228 3491 ,⁴
262 3410 443 3484 innubis.
493 3406 544 3481 Et
570 3409 707 3481 idcirco
738 3408 899 3482 anterior
922 3404 1112 3483 aedificatio
1137 3430 1332 3507 congrega·

218 3512 228 3527 '
266 3507 372 3580 tione
392 3507 462 3601 est,
496 3511 577 3601 quia
598 3529 666 3581 nos
690 3508 733 3581 ad
753 3506 883 3581 suturae
903 3508 1058 3582 ciuitatis
1079 3513 1332 3605 congregatio·

218 3654 226 3693 r
264 3626 349 3682 nem
367 3606 437 3681 Dei
456 3607 695 3683 misericordia
719 3628 783 3703 per
801 3609 948 3705 gratiam
965 3600 1227 3699 iustificationis
1251 3612 1332 3685 aedi·

218 3708 227 3795 ,”
265 3698 365 3783 ficet
418 3699 687 3782 Ceterumsrde
697 3720 839 3782 terrena
853 3705 1093 3795 edificatione
1104 3710 1331 3804 loqueretur,

218 3798 225 3901 ζ
265 3807 370 3901 prior
395 3800 513 3879 suerat
534 3810 770 3904 congregatio
797 3806 1037 3902 praedicanda:
1072 3811 1153 3898 quia
1173 3830 1248 3883 non
1268 3810 1332 3887 nist

218 3914 224 4027 ξἰ
267 3920 508 4003 ,congregatus
523 3900 633 3981 lsrael
649 3904 839 4003 Jerusalem
850 3902 1332 4000 edificarepoffeteversam.

218 4082 221 4103 ,
366 4031 403 4097 4.
429 4000 552 4079 Tenet
567 4006 695 4083 deinde
708 4006 871 4083 ordinem
881 4021 1165 4101 competentem,
1191 4008 1333 4085 dicens:

218 4116 220 4128 '
269 4102 342 4201 Qui
360 4108 456 4199 [arras
480 4112 636 4183 emeritos
660 4110 764 4205 rard«,
799 4110 840 4189 Θ
865 4112 973 4205 adigat
990 4112 1331 4281 rmtritimrgarm,

1223 4230 1294 4282 on·
