3317 4900
331 465 478 582 muln
556 463 1160 582 Suttuenca'rsrsconrru.
1260 544 1263 550 ,
1370 521 1418 540 *1

335 640 514 737 „Habeat
531 636 653 748 itaque
668 637 762 711 hanc
780 629 955 714 innocens
971 639 1098 737 religio
1112 633 1291 729 fiduciam,
1315 633 1397 712 utli

335 759 480 854 quando
494 757 628 850 iniuste
643 760 770 832 mortis
792 760 849 832 vis
865 755 1055 851 afferatur,
1080 757 1316 833 excedentem
1336 751 1399 832 hi·-

335 880 498 957 bitacuio
514 879 679 971 corporis
696 879 846 953 animam
861 875 945 952 sciat
961 880 998 952 in
1015 878 1085 954 Dei
1101 876 1330 974 susceptione
1342 898 1400 951 re·

337 994 531 1094 quiescere.
539 999 568 1041 “
617 996 672 1071 lbi
692 1012 811 1073 tamen
823 998 1032 1073 mallemus:
1046 1031 1050 1048 ,
1062 1002 1098 1071 iu
1115 1000 1312 1094 susceptione
1331 1002 1397 1069 Do·

306 1210 312 1224 ,
337 1121 443 1208 mini,
470 1130 512 1191 ut
519 1120 671 1215 susceptio
688 1119 823 1188 Domini
837 1101 875 1191 id'
890 1116 989 1210 esset,
1017 1119 1254 1217 quodcuflmiie
1266 1120 1405 1189 Domini

337 1239 376 1313 in
394 1239 448 1313 his
464 1235 564 1313 traci.
583 1235 635 1314 Ps.
657 1229 736 1315 12²0.
751 1234 784 1332 p.
803 1241 859 1316 16.
880 1237 1101 1332 „Exeuntes
1122 1254 1239 1314 autern
1260 1239 1304 1311 de
1318 1258 1399 1346 cor·

236 1408 238 1415 ,
338 1377 432 1457 pore
451 1359 494 1433 ad
514 1349 703 1431 introitum
729 1358 827 1454 regni
851 1358 1000 1439 celestis
1022 1378 1089 1453 per
1111 1349 1303 1432 custodiam
1321 1357 1402 1431 Dea

339 1474 426 1574 mini
457 1475 580 1553 fideles
609 1475 905 1574 reservabuntur,
942 1481 980 1556 in
1005 1480 1079 1555 sinu
1098 1477 1233 1554 scilicet
1255 1478 1400 1553 interim

340 1595 495 1674 Abrahae
515 1599 697 1671 collocati.
708 1599 736 1640 “
974 1604 976 1610 '
1396 1607 1399 1613 ’

275 1727 282 1735 ’
441 1713 496 1792 Ex
516 1718 656 1814 duobus
678 1716 917 1811 superioribus
936 1717 1028 1791 locis
1049 1715 1197 1792 definire
1212 1717 1260 1791 lic
1273 1717 1403 1818 liceret

301 1849 303 1854 ’
341 1834 429 1938 illud
451 1835 513 1912 filii
533 1825 703 1935 regnum:
739 1835 894 1930 Requies
918 1837 968 1911 est
990 1851 1122 1913 aeterna
1139 1840 1263 1914 animae
1275 1838 1401 1933 iuste,

238 2052 243 2064 x
343 1976 422 2050 que
445 1958 622 2032 excedens
647 1958 852 2032 habitaculo
878 1959 1069 2060 corporis,
1086 1958 1141 2064 ,in
1172 1956 1403 2052 susceptione

342 2073 493 2156 Domini
509 2075 725 2171 requiescam
751 2093 813 2151 aut
829 2101 873 2153 ex
890 2077 1087 2173 postremo,
1113 2079 1205 2172 sinus
1219 2075 1270 2152 est
1286 2074 1401 2149 Abra·

342 2195 422 2289 he,
460 2199 497 2272 ln
520 2218 593 2289 quo
617 2194 741 2271 fideles
768 2197 811 2274 ad
832 2184 1021 2276 introitum
1040 2200 1143 2299 regni
1165 2197 1314 2274 celestis
1336 2215 1402 2290 per

293 2344 295 2346 ·
344 2317 539 2393 custodiam
557 2318 706 2391 Domini
722 2319 959 2394 reservantur.

445 2436 606 2535 Regnum
626 2437 718 2512 idem
734 2439 805 2533 jam
827 2462 872 2514 ex
890 2438 990 2516 troil.
1006 2437 1057 2516 Ps.
1077 2459 1154 2533 147.
1172 2442 1206 2532 §.
1226 2459 1257 2514 2.
1274 2438 1403 2513 vocati

345 2559 563 2635 audivimus:
595 2577 785 2659 conventum
798 2561 976 2653 buturum,
1003 2558 1191 2634 Serviliorum
1206 2575 1333 2646 cetum,
1358 2560 1400 2628 ci-

233 2709 235 2713 ·
346 2684 482 2751 viserem
501 2683 592 2749 vivis
610 2679 763 2776 lapidibus
780 2681 987 2777 exflrufiam,
1015 2701 1090 2773 quae
1107 2683 1188 2771 quia
1207 2680 1334 2752 civitas
1350 2678 1402 2754 cll

345 2801 466 2896 pacis,
503 2799 681 2897 Jerusalem
704 2801 793 2874 dicta
820 2800 873 2875 srt.
924 2797 1070 2874 Rursum
1093 2801 1128 2873 in
1154 2799 1207 2878 Ps.
1232 2821 1265 2874 a.
1287 2797 1319 2897 §.
1340 2808 1400 2892 483

342 2920 427 3014 [ecles
442 2921 608 2993 bearorum.
668 2919 708 2993 ln
727 2921 778 2996 Ps.
802 2932 880 3011 148.
898 2927 931 3014 §.
955 2929 986 2999 8.
1004 2919 1126 2994 sancte
1143 2920 1328 3007 Jerusalem
1356 2946 1405 2991 re·

346 3065 443 3136 gerum
462 3040 595 3115 beatum.
647 3038 694 3111 Et
710 3042 745 3113 in
766 3039 815 3112 Ps.
836 3061 913 3130 141.
928 3037 960 3134 §.
974 3060 1007 3128 ς.
1025 3042 1087 3114 nisr
1099 3041 1196 3114 forte
1213 3041 1317 3113 alium
1330 3039 1406 3113 sen·

348 3160 431 3237 serit
446 3162 600 3236 Hilarius
615 3163 736 3235 locum
758 3163 911 3240 latroni,
936 3163 1041 3232 alium
1062 3164 1190 3234 ceteris
1204 3162 1302 3255 justis
1319 3182 1406 3233 con·

350 3278 480 3356 celsum
501 3300 588 3353 terra
612 3289 829 3365 viventium,
856 3283 995 3377 Paradifi
1011 3285 1185 3371 incolatus,
1220 3280 1259 3359 U
1276 3303 1404 3374 regnum

235 3380 264 3394 Ἰ
349 3403 545 3474 hereditatis
569 3405 688 3499 Christi
707 3410 953 3500 cognominatur.

430 3516 544 3597 'Hinc
560 3545 636 3597 non
655 3523 843 3599 obscurum
864 3523 929 3616 est,
956 3544 1035 3599 eum
1047 3524 1133 3598 huic
1151 3517 1276 3593 Christi
1290 3539 1405 3614 regno

350 3660 427 3715 non
446 3647 604 3737 requiem
623 3659 782 3738 tantum,
809 3644 866 3719 sed
883 3648 916 3716 ilc
931 3624 1208 3734 beatitudinem,
1234 3641 1405 3734 letitiam,

350 3762 499 3855 gloriam
529 3761 766 3838 &honorem
791 3748 1002 3840 attribuere,
1056 3762 1166 3862 Quod
1193 3762 1228 3834 in
1250 3759 1301 3836 Ps.
1327 3768 1403 3838 118.

349 3880 403 3955 lit.
432 3891 485 3961 18.
501 3890 534 3976 §.
553 3907 607 3960 ιο.
627 3881 832 3977 confirmet,
857 3885 917 3957 ubi
941 3884 986 3957 de
1003 3882 1126 3957 Lazari
1139 3885 1249 3956 beato
1265 3876 1407 3955 excelsu

350 3999 427 4071 haec
447 4000 571 4075 habet:
609 4002 798 4095 „Abrahae
819 4006 893 4080 sinu
917 4007 1146 4094 continetur,
1180 4001 1407 4076 &miseriam

349 4121 434 4191 vitae
453 4121 639 4196 laboriosae
656 4127 768 4196 beatae
782 4102 1066 4218 quietishonore
1076 4123 1244 4199 demutat.
1255 4127 1281 4165 ‘⁶
1333 4122 1409 4194 Hu-

1304 4261 1363 4330 ,us
