3317 4900
541 527 596 588 'sss
618 506 819 622 Senirtfrs
842 497 1048 584 Hrnmr.
1267 517 1332 576 ux

264 663 398 769 Trinit.
412 677 449 769 §-
475 669 822 749 insumendus
850 670 998 762 mulien
1011 685 1076 741 mc:
1097 664 1149 742 lic
1160 664 1334 760 exponit:

263 794 392 891 „Hac
422 794 536 870 carnis
560 793 771 889 deprecatio
792 789 864 872 cst,
898 791 1028 881 inqua
1050 787 1331 898 eamindiciidie
1398 789 1402 794 '

227 985 230 990 .
264 913 542 1012 compunctum,
568 915 668 991 &ds
683 933 793 990 cruce
813 912 1044 1009 recognitum
1057 905 1215 984 univeri
1228 907 1334 983 vidc-

260 1037 371 1110 bunt.
384 1037 411 1079 “

366 1155 467 1232 Sicut
483 1155 590 1253 igitur
609 1154 654 1228 ab
672 1173 719 1229 eo
737 1173 878 1249 errore,
905 1171 980 1245 quo
994 1149 1225 1245 impliciores
1239 1167 1333 1223 non·

217 1267 220 1358 l
262 1278 355 1354 nulli
368 1277 481 1352 malos
498 1274 765 1351 resurreccionis
778 1288 972 1370 compotes
983 1272 1127 1346 futuros
1138 1283 1331 1366 negarunt,

264 1396 466 1473 absolvitur
485 1395 666 1491 Hilarius,
697 1417 779 1472 cum
796 1413 941 1470 omnem
958 1414 1101 1470 carnem
1117 1387 1332 1467 resurreiiu·

228 1513 232 1525 '
264 1539 341 1593 ram
365 1515 529 1609 affirmat,
553 1515 753 1593 iudicum
770 1535 914 1593 omnem
933 1529 1017 1592 ante
1031 1514 1190 1602 ,tribunal
1203 1507 1334 1585 Christi

218 1659 220 1664 ·
264 1638 448 1714 fistendam
465 1632 660 1736 fignificat,
685 1634 830 1711 nonest
847 1638 1077 1730 implicandus
1095 1657 1177 1712 curn
1190 1633 1333 1728 iisdem,

264 1761 327 1854 ¹qui
352 1757 489 1836 rursum
513 1760 628 1834 malos
651 1756 724 1832 Dei
742 1756 886 1850 judicio'
906 1749 982 1832 non
1005 1757 1202 1857 dignandos
1218 1755 1337 1833 existi·

266 1891 423 1955 morunt.
483 1877 664 1980 Quorlorn
680 1879 775 1953 enirn
794 1880 913 1953 omnis
935 1897 1021 1954 caro
1036 1900 1106 1975 pro
1124 1877 1253 1954 Christi
1272 1878 1335 1952 tri·

259 1997 558 2084 nunninstends,
583 2000 695 2074 nifiut
704 2000 809 2094 ipisus
819 1981 1033 2074 sententiam
1042 1997 1222 2091 excipiatl
1246 1997 1336 2073 Hoc

267 2120 413 2195 Hilario
433 2121 483 2192 ita
497 2118 714 2214 persuasum,
738 2135 780 2194 ut
799 2118 953 2214 deiustis
972 2119 1154 2213 &impiis,
1179 2119 1337 2212 quosin-

270 2239 382 2314 terim
400 2238 632 2330 adjudicium
654 2253 715 2312 aut
732 2239 913 2315 Abraham
933 2240 1115 2334 reservat,
1141 2254 1203 2315 aut
1217 2261 1336 2335 poena,

265 2357 357 2432 loco
379 2371 584 2434 memorato
605 2359 752 2434 asseratt
777 2359 943 2456 „Judicii
953 2360 1027 2436 dies
1038 2360 1270 2436 beatitudinis
1281 2371 1339 2438 rc·-

263 2458 422 2555 tributio
433 2480 638 2573 estatem,
650 2481 873 2575 velpoenae.“
925 2480 1129 2579 Quomodo
1138 2502 1253 2577 porro
1264 2490 1340 2579 poe'·

267 2622 347 2694 ne,
378 2604 441 2677 vel
459 2601 691 2677 beatitudinis
718 2602 913 2676 retributio
935 2600 1006 2696 est,
1032 2602 1096 2677 nili
1116 2623 1180 2697 per
1198 2606 1337 2681 lenten-
1379 2656 1387 2668 ,

262 2704 359 2795 tiam
387 2720 659 2796 condemnantis
681 2734 743 2794 aut
760 2721 1047 2799 remunerantis?
1078 2721 1206 2815 ltaque
1223 2726 1261 2799 in
1277 2726 1339 2805 illa

268 2840 330 2917 dic
346 2855 390 2915 ut
401 2838 535 2934 justos,
560 2842 610 2914 lta
625 2841 657 2914 ds
672 2843 816 2933 iniquos
833 2839 937 2917 sensrt
951 2844 1166 2934 judicandos
1184 2844 1266 2925 elle.
1426 2922 1431 2935 ,

370 2958 547 3035 Praeterea
565 2960 675 3055 srquid
691 2982 737 3035 ex
750 2960 850 3038 tradi.
868 2964 906 3036 in
928 2961 979 3040 Pl.
999 2990 1029 3040 r.
1044 2960 1260 3060 conficitur,
1285 2964 1337 3043 dl·

269 3078 407 3154 cendus
428 3078 498 3174 est,
530 3102 605 3156 non
626 3083 769 3175 iniquos
785 3093 945 3177 tantum,
980 3104 1110 3160 verum
1129 3086 1236 3162 etism
1252 3068 1340 3162 San·

257 3198 351 3285 ,ilos
378 3222 399 3274 a
425 3200 614 3277 noviffimo
635 3203 771 3296 judicio
797 3200 1003 3280 removlll‘s.
1068 3200 1182 3299 Atqui
1200 3207 1337 3300 liquet,

250 3302 355 3396 'eum
382 3319 593 3397 Sanctorum
614 3325 792 3398 neminem
815 3323 860 3396 ab
884 3336 1050 3400 extremo
1068 3324 1206 3421 judicio
1221 3324 1339 3401 eristi·

269 3438 378 3518 malie
392 3445 603 3519 immunem:
628 3460 710 3516 narn
724 3441 761 3515 in
773 3439 826 3519 Ps.
845 3450 925 3524 ιιι.
941 3444 993 3520 lit.
1012 3445 1340 3539 3.§.1s.neipsam

272 3560 417 3654 quidem
435 3564 571 3658 excipit
586 3560 658 3636 Dei
674 3574 847 3657 matram,
874 3584 979 3656 quam
994 3578 1115 3641 tarsen
1130 3565 1261 3671 ceteris
1272 3566 1339 3643 llo·-

269 3681 427 3757 minibus
451 3682 641 3758 senilitatis
662 3685 794 3760 merito
814 3686 1079 3777 praecellentem
1097 3682 1178 3759 satis
1200 3686 1338 3783 innuit,

270 3802 359 3877 dum
385 3804 450 3875 ait:
487 3804 558 3898 „si
582 3803 620 3879 in
649 3803 878 3880 severltatem
900 3805 1023 3896 judicii
1047 3824 1160 3900 capax
1184 3804 1244 3881 illa
1266 3806 1337 3883 Del

270 3922 396 4020 Virgo
412 3936 565 3998 ventura
584 3926 655 4021 est,
683 3926 880 4001 defiderare
900 3923 977 4019 quis
993 3925 1138 4000 audebit
1155 3948 1174 4001 a
1190 3928 1273 4006 Deo
1282 3930 1339 4023 J'u·

272 4041 449 4119 dicatii“
474 4042 662 4139 Perperam'
683 4049 791 4146 igitur
812 4048 1045 4121 concluditur
1059 4068 1104 4122 ex
1118 4048 1219 4128 tradi.
1235 4047 1337 4130 inl’s.

275 4186 310 4243 1.
328 4165 506 4244 Hilarium
526 4167 656 4264 impios
672 4172 860 4264 opinatum
874 4168 945 4248 else
959 4184 1041 4245 non
1053 4168 1291 4268 iudicandos.
1389 4228 1397 4241 .

1148 4292 1337 4396 ..ld
