3317 4900
372 387 398 438 Ι
436 415 816 502 Couueurnerue
851 441 899 498 ru
932 422 1196 504 Muranum.
1270 430 1343 518 465

246 591 332 668 -sui
370 586 593 683 perfeuione
629 583 854 671 constiterit,
886 581 1162 679 regeneratione
1194 581 1374 682 novua,'

276 683 404 786 spiritu
430 685 570 776 celsus,
587 686 631 790 ‘dt
655 685 768 757 divini
792 688 947 759 muneris
974 681 1201 757 absolutione
1224 687 1340 779 perse·

277 791 379 879 dius,
404 807 480 861 non
501 783 716 859 descendere
732 787 769 858 in
786 784 975 859 humiliora
990 782 1338 863 rerumsncularium

275 889 476 980 cupiditate
494 886 664 976 debebit,
689 905 807 976 neque
821 883 1051 957 inferioribus
1071 885 1237 977 corporis
1256 888 1333 960 ille.

277 985 397 1062 cebris
425 1001 649 1080 provocatus
673 987 717 1057 de
737 982 820 1057 tetii
844 983 894 1055 sui
915 980 1126 1055 sublimitate
1151 985 1339 1076 decedere.

282 1085 335 1162 Et
350 1093 456 1182 quiin
474 1111 546 1178 agro
560 1090 640 1172 erit,
665 1110 731 1156 non
754 1100 940 1157 revertatur
955 1085 1059 1153 rodere
1074 1089 1218 1155 tunicam
1236 1087 1370 1169 sunm-2

255 1179 427 1260 'Scilicet
445 1184 579 1277 positus
604 1187 639 1257 in
655 1186 871 1278 operatione
893 1182 1091 1276 precepti,
1117 1203 1193 1257 non
1214 1187 1257 1258 ad
1275 1207 1336 1259 cu·

276 1307 336 1358 rar
352 1283 511 1378 pristinas
528 1298 730 1357 revertatur
747 1280 766 1356 ι’
781 1303 899 1374 neque
917 1284 1032 1371 aliqua
1048 1287 1213 1375 corporis
1231 1287 1334 1359 indu·

275 1401 399 1461 menta
421 1382 615 1474 desideret,
642 1387 691 1456 ob
711 1405 787 1475 que
804 1380 992 1472 reversus,
1018 1393 1182 1456 veterum
1205 1381 1336 1460 exinde

275 1484 547 1581 peccaminum,
574 1484 701 1573 quibua
725 1498 829 1555 antea
853 1479 1136 1576 contegebatur,
1159 1483 1228 1556 erit
1244 1487 1338 1558 tuni·

276 1605 358 1658 carn
383 1585 569 1656 relaturus.

354 1686 390 1757 6.
424 1686 478 1753 Vae
497 1681 733 1777 pugnantibus
755 1679 795 1756 U
823 1677 1056 1753 nutrientibus.
1118 1680 1334 1776 Simpliciter

277 1783 422 1874 quidem
439 1780 528 1853 istud
544 1796 695 1876 propter
712 1775 848 1854 moram
862 1779 955 1874 fuge
966 1780 1077 1872 accipi
1090 1781 1225 1873 potest:
1253 1785 1334 1874 quia

276 1883 417 1954 ventris
430 1899 542 1952 onere
554 1881 759 1973 impeditas,
785 1880 1028 1954 imminentem
1045 1892 1247 1972 temporum
1266 1886 1334 1956 rui·

277 1981 363 2055 narn
381 1977 537 2073 effugere
555 1979 597 2051 sit
617 1978 815 2053 molestum.
866 1977 935 2049 Sed
954 1979 1037 2067 quid
1055 1977 1217 2052 conditio
1232 1981 1335 2055 sexus

278 2079 316 2152 δι
336 2080 575 2172 generationis
594 2079 686 2149 ordo
706 2075 945 2151 commeruit?
970 2075 1045 2149 Nisi
1062 2077 1160 2151 sorte
1174 2091 1256 2151 aetas
1274 2085 1335 2154 illa

277 2179 492 2269 mulierum,
519 2197 595 2268 quae
617 2180 653 2250 in
676 2179 734 2250 iila
757 2192 922 2270 tempora
941 2177 1160 2270 inciderint,
1187 2183 1334 2271 proprie
1368 2197 1373 2218 ·

279 2277 326 2352 iit
345 2275 465 2349 futura
484 2276 675 2349 maledidia.
735 2275 805 2348 Sed
821 2277 908 2348 absit
930 2274 1046 2367 istud,
1080 2291 1121 2348 ut
1144 2278 1335 2369 quidquam

275 2376 344 2468 fit,
370 2375 466 2468 quod
480 2376 616 2451 homini
630 2376 691 2449 nist
710 2374 769 2449 sua
784 2376 887 2468 culpa
904 2378 1031 2450 malurn
1047 2373 1120 2452 liat.
1169 2376 1258 2450 Non
1273 2380 1336 2475 igi·

242 2548 257 2555 ,,
278 2476 405 2550 tunde
425 2476 583 2552 faetarum
609 2497 721 2550 onere
739 2476 935 2557 Dominum
955 2476 1172 2550 admonuisse
1190 2480 1338 2553 creden·

275 2576 362 2651 dum
381 2573 452 2668 est,
480 2597 559 2649 curn
577 2577 684 2648 dicit:
715 2580 769 2647 Va
782 2576 1014 2669 praegnantibus
1025 2597 1038 2660 ,·
1065 2574 1123 2648 sed
1141 2578 1333 2654 animarum

275 2677 437 2773 peccatis
460 2679 673 2768 repletarum
700 2673 886 2749 ostendisse
903 2677 1143 2770 gravitatem,
1176 2698 1252 2769 quea
1272 2700 1335 2751 ne·

276 2794 351 2867 que
367 2776 403 2845 in
417 2772 514 2847 tedio
530 2776 675 2869 posrtae,
702 2796 819 2866 neque
834 2776 870 2847 in
889 2794 974 2871 agro
996 2789 1180 2850 manentes
1198 2797 1261 2871 rep
1271 2776 1335 2851 osi·

275 2890 325 2949 tae
346 2874 406 2945 irae
424 2873 666 2966 tempestatem
684 2876 800 2947 vitare
817 2873 956 2967 polsrnt.
1007 2875 1129 2947 Dolor
1142 2878 1235 2950 enim
1250 2899 1336 2969 prae-

276 2990 428 3071 gnantes
452 2994 496 3045 ex
514 2987 639 3045 natura
657 2972 911 3065 consequiturr
931 2974 971 3046 wdc
991 2988 1111 3067 partun
1132 2975 1202 3050 stne
1221 2978 1334 3048 totiun

277 3073 447 3163 corporis
473 3074 669 3146 vexatione
690 3094 764 3146 non
783 3073 955 3147 funditur.
1020 3075 1110 3171 Quae
1134 3094 1220 3170 ergo
1246 3078 1335 3149 talea

278 3170 403 3245 anirnae
418 3174 668 3264 reperientur,
693 3176 729 3245 in
752 3173 815 3245 suo
837 3173 870 3244 dt
892 3191 1004 3245 onere
1025 3173 1204 3247 &dolore
1218 3178 1335 3247 conti·

275 3272 471 3347 nebuntur.
497 3270 569 3343 lilia
587 3291 732 3362 quoque
746 3291 801 3343 vae
819 3276 912 3361 erit,
935 3291 1011 3362 que
1032 3276 1245 3348 nutrientur.
1273 3272 1334 3347 Est

275 3370 429 3445 infantia
452 3369 541 3442 laste
568 3369 709 3463 depulsa
726 3390 800 3443 non
825 3370 941 3443 minua
964 3371 1007 3442 ad
1025 3371 1143 3467 sugam
1169 3373 1332 3466 inutilis,

274 3471 382 3564 quam
402 3490 468 3561 ea,
494 3490 572 3560 quae
592 3470 783 3545 etiamnum
802 3468 892 3542 labie
908 3470 1038 3541 alatur:
1075 3468 1121 3542 Et
1146 3474 1334 3563 quomodo

274 3568 414 3653 vellii.
433 3589 508 3660 quae
530 3570 731 3657 nutriatur;
772 3590 853 3641 cum
874 3569 961 3642 nihii
991 3570 1128 3642 interiit
1152 3573 1263 3644 aetatir
1291 3592 1333 3645 ac

273 3669 479 3763 temporis,
512 3669 638 3740 nutriri
658 3666 774 3759 labie,
805 3667 842 3740 dr
858 3665 1030 3743 decesisse
1048 3669 1092 3741 de
1110 3668 1229 3743 labie?
1263 3669 1335 3743 Sed

274 3766 429 3863 perinde
454 3766 511 3837 hic
535 3770 640 3839 etiam
665 3763 907 3841 infirmitatem
930 3770 1148 3862 animarum,
1188 3789 1264 3860 quae
1290 3768 1334 3841 ad

274 3865 525 3958 cognitionem
544 3862 612 3938 Dei
629 3884 806 3959 tamquam
825 3866 914 3940 laste
933 3868 1048 3938 adhuc
1063 3868 1201 3941 alantur
1218 3866 1334 3942 osten·

274 3966 349 4042 dit:
376 3984 452 4052 quae
471 3959 616 4055 perfeiii
638 3968 708 4039 cibi
727 3969 863 4041 virtute
879 3967 1099 4063 indigenter,
1125 3971 1225 4043 tenui
1243 3968 1334 4040 divi·

297 4122 299 4127 .
326 4062 507 4137 S.'Hrlnrir
524 4060 612 4138 Tem.
629 4068 690 4139 lll.
905 4060 941 4137 G
952 4084 975 4161 g
1231 4088 1284 4143 ηε
