3317 4900
400 481 690 558 Tuncrnrus
717 495 766 556 rn
789 477 935 558 CXXI.
960 475 1193 566 Psintino.
1287 507 1334 584 35

266 645 324 740 qui
340 657 607 742 congregantur
621 643 657 717 in
677 643 844 738 idipsum:
871 645 1061 720 &idcirco
1079 647 1148 723 ait:
1175 651 1253 722 liiar
1265 672 1333 750 pax

264 755 303 818 r'rr
318 753 448 817 virture
465 763 536 814 trra.
699 799 709 808 ..
1264 813 1267 820 .

295 901 298 906 .
371 866 428 934 14.
454 839 647 916 Civitatem
671 839 791 917 autem
815 841 962 918 necesse
987 843 1037 917 est
1058 845 1202 920 diverso
1225 845 1332 924 aedifii

263 945 408 1018 ciorum
434 963 563 1040 genere
583 942 786 1018 confistere.
835 941 925 1016 Non
944 945 1037 1018 enirn
1054 950 1171 1020 omnis
1191 949 1240 1020 est
1256 972 1331 1023 mu·

263 1065 348 1136 rus,
382 1057 507 1135 porta,
540 1044 666 1132 turris3
700 1063 817 1136 neque
834 1047 949 1117 omnis
969 1045 1116 1138 plateae,
1143 1050 1329 1144 porticus,

265 1147 444 1231 taberna3
478 1160 596 1234 neque
619 1143 768 1236 domus,
795 1141 938 1235 forum,
965 1147 1114 1238 templa,
1142 1149 1329 1238 palatium:
1420 1215 1426 1228 .

267 1242 328 1317 sed
348 1244 379 1314 u
401 1239 648 1342 differentibus
673 1243 767 1315 inter
792 1241 826 1315 se
845 1242 1036 1317 domorum
1057 1244 1330 1342 magnificentiis

269 1341 439 1415 differunt
457 1361 604 1434 quoque
626 1342 908 1415 cohabitantium
922 1344 1123 1440 dignitates.
1172 1345 1214 1418 ln
1230 1349 1330 1420 otoni

271 1445 362 1515 'vero
379 1461 513 1540 genere
527 1441 699 1522 civitatis,
724 1441 813 1514 nibil
829 1463 946 1532 neque
959 1440 1107 1552 firmius,
1133 1465 1249 1538 neque
1262 1449 1331 1519 uti·

266 1544 355 1635 lius,
391 1561 512 1633 neque
536 1540 658 1612 celsius
679 1541 836 1612 turribus
862 1541 924 1616 est.
988 1542 1101 1616 Solita
1126 1566 1218 1618 vero
1238 1545 1329 1618 Scri·

268 1657 372 1735 ptura
403 1640 454 1714 est
477 1641 599 1736 gravia
622 1658 692 1732 pro
719 1636 848 1731 firmis,
886 1639 1176 1718 &immobilibus
1192 1667 1329 1718 nuncu·

268 1762 370 1835 pare:
397 1740 498 1813 sicuti
515 1740 583 1811 ait:
612 1741 652 1813 ln
671 1741 811 1831 populo
834 1740 934 1833 gravi
950 1742 1104 1814 laudabo
1117 1760 1165 1820 te.
1218 1745 1330 1820 Nunc

270 1837 415 1932 quoque
439 1858 523 1911 cunr
546 1840 590 1911 de
613 1861 701 1932 pace
717 1839 862 1912 virtutis
881 1839 1124 1935 memorail'et,
1152 1847 1330 1920 abundan-

270 1946 353 2012 tiam
371 1939 600 2011 beatitudinis
616 1937 803 2034 perfedlae,
840 1939 873 2011 u
891 1954 1034 2011 aeternae
1051 1941 1206 2016 civitatis
1225 1946 1330 2034 hujus

269 2041 490 2134 principibus
514 2051 689 2129 tamquam
717 2037 911 2112 firmiffimls
938 2040 1147 2132 deputavit,
1187 2044 1329 2120 dicens:

275 2139 323 2210 El
335 2140 534 2208 abundantio
552 2140 589 2207 r'n
606 2140 746 2208 turribus
763 2139 910 2232 gravibus
926 2141 1003 2209 luis.
1046 2139 1223 2233 Superius
1237 2145 1331 2215 dixe·
1394 2155 1396 2161 '

270 2252 345 2312 rat:
385 2239 432 2308 Er
452 2238 651 2307 abundantia
671 2240 873 2329 diligentibus
886 2257 935 2322 re3
970 2259 1044 2311 non
1065 2259 1152 2335 ergo
1173 2243 1333 2318 omnium

271 2336 322 2411 est
340 2337 574 2424 abundantia,
602 2337 660 2409 sed
681 2336 900 2432 diligentium
926 2337 1055 2414 Deum.
1110 2340 1250 2436 Deinde
1276 2340 1333 2412 ad·

268 2440 374 2533 jecit:
404 2439 482 2508 Fiat
491 2458 556 2535 pax
574 2440 610 2507 in
623 2441 749 2507 virture
766 2454 837 2531 ruo,
889 2437 960 2510 Pax
979 2441 1073 2514 enim
1092 2436 1272 2527 Ecclesiae,
1300 2441 1334 2513 dt

270 2541 387 2609 unitas
407 2538 580 2633 virtutem
600 2539 705 2609 nobis
726 2532 1001 2627 firmitatemque
1019 2538 1179 2632 praestat3
1211 2537 1333 2613 secun·

273 2639 357 2710 dum
384 2637 470 2708 illud
496 2636 681 2728 Apostoli:
728 2635 775 2709 Et
803 2658 873 2730 pax
899 2636 987 2725 Dei,
1027 2660 1118 2729 quae
1147 2638 1336 2733 exsuperat

273 2753 419 2809 omnem
440 2735 571 2810 sensum
589 2737 808 2829 prudentie,
836 2734 1012 2817 custodiet
1029 2739 1140 2812 corda
1159 2738 1274 2812 vestra
1298 2740 1334 2814 i'n
1409 2772 1412 2777 ·

273 2834 416 2909 Christo
450 2835 542 2927 Jesu.
618 2836 729 2908 Nunc
762 2857 908 2928 quoque
939 2839 1028 2910 hanc
1061 2838 1336 2933 abundantiam,

273 2956 377 3027 quarn
407 2933 632 3028 diligentibus
659 2932 924 3029 spoponderat,
962 2941 1143 3030 propriam
1159 2938 1238 3015 elle
1260 2960 1337 3036 gra·

274 3036 374 3109 vium
395 3037 544 3109 turrium
565 3050 847 3122 commemorem
876 3057 939 3108 eos
959 3055 1087 3132 graves
1107 3052 1223 3111 turres
1238 3040 1336 3134 figni-

273 3130 384 3206 ficans
403 3132 494 3225 elle,
518 3136 734 3227 quicumque
754 3136 953 3232 diligerent.
1006 3134 1073 3209 Per
1089 3139 1188 3228 quod
1206 3139 1337 3211 intelli-

275 3234 426 3329 gendum
442 3230 513 3324 est,
540 3236 787 3308 abundantiam
804 3238 895 3308 banc
912 3256 988 3307 non
1006 3235 1238 3325 promiscuam
1254 3234 1338 3326 elle,
1357 3300 1362 3309 .

274 3344 345 3405 ne'c
357 3336 470 3406 totius
490 3333 680 3411 admodum
699 3335 877 3407 civitatis:
904 3332 962 3407 sed
981 3355 1106 3411 eorum
1116 3351 1253 3409 tantum
1268 3334 1342 3406 san·

275 3430 435 3523 storum,
474 3428 688 3505 &fidelium
714 3434 897 3521 virorum,
937 3435 995 3525 qui
1021 3451 1151 3509 ceterae
1181 3432 1338 3506 civitatis

273 3532 380 3605 huius
406 3528 636 3609 edificationi
658 3547 836 3625 tamquam
863 3538 1013 3609 turrium
1026 3532 1194 3611 firmitate
1212 3530 1340 3625 prasti-

274 3632 402 3703 terint.
1050 3667 1053 3671 ·

382 3750 438 3820 ¹5·
459 3728 631 3823 ¹Sequitur
650 3730 779 3806 deinde
795 3729 986 3823 Propheta
1006 3749 1153 3826 magnus
1178 3724 1339 3825 aldedus,

276 3829 373 3904 &in
399 3848 542 3905 omnem
565 3831 748 3905 hominem
775 3832 1004 3921 credentem,
1046 3828 1250 3903 sollicitudo
1275 3834 1342 3923 pie.

277 3928 548 4005 admonitionis.
599 3930 663 4004 Ait
677 3932 789 4007 enirn:
823 3934 953 4029 Propter
961 3920 1094 4025 fratrer‘
1107 3940 1197 4015 meos,
1224 3928 1261 4004 (5
1272 3952 1344 4024 pro·

276 4036 378 4101 rrimus
397 4052 478 4098 mers
504 4028 645 4125 loquebar
666 4052 766 4125 pacem
788 4032 824 4102 de
846 4046 893 4103 re:
929 4047 1054 4126 propter
1070 4030 1189 4101 domum
1213 4032 1345 4101 Domini

283 4129 731 4233 Deliaci-gustariltnaribi.·
771 4128 1090 4302 {luititudiuemln
1099 4124 1346 4243 fratribttsluiu

834 4248 856 4303 a
1171 4247 1296 4323 proru-v
