3317 4900
368 461 648 544 Tuncrnrur
674 479 722 537 ru
747 417 967 539 cxxxix.
991 455 1225 542 rsrruurc
1278 484 1350 564 ¹19

288 628 409 712 bentis
427 624 501 699 loci
517 623 660 700 inuitat.
720 620 859 696 Oculus
877 623 969 695 enirn
990 624 1188 697 meretricis
1201 625 1350 714 laqueus

289 725 495 825 peccatoris
509 721 571 801 ein
631 720 787 798 Oramus
804 741 891 815 ergo
908 723 943 794 in
962 721 1015 796 his
1029 722 1128 797 malis
1148 723 1273 817 positi,
1300 724 1351 800 di·

292 843 440 906 centes:
470 825 568 917 Eripe
584 845 630 892 nrt
650 826 785 893 Domine
801 846 840 891 ex
853 825 979 894 hominu
995 823 1093 901 malo,
1118 832 1228 894 ovim
1239 828 1352 922 ,iniquo

290 931 464 1005 dinume.
516 921 585 996 Sed
599 922 827 1015 proprialraec
840 919 909 996 ‘elie
918 922 1039 995 oratio
1049 920 1196 999 Domini
1208 945 1251 998 ex
1264 943 1356 999 con··

290 1025 455 1119 sequenti
476 1023 649 1112 docetur,
676 1043 754 1098 cum
778 1022 844 1095 ait:
883 1026 953 1114 Qui
971 1026 1191 1115 cogitaverant
1210 1027 1352 1095 malitiae

295 1136 332 1198 in
347 1129 444 1200 corin
495 1119 747 1219 Cogitationes
763 1120 890 1196 'cordis
905 1118 1005 1193 nolle
1022 1141 1096 1194 non
1112 1121 1270 1198 nostrum
1285 1121 1351 1219 est,

296 1227 356 1304 sed
381 1226 479 1317 eius,
521 1221 566 1296 de
587 1241 660 1315 quo
681 1219 892 1295 didturnest:
924 1222 1092 1293 scrutans
1115 1222 1225 1296 corde
1244 1224 1275 1295 n·
1296 1245 1352 1298 re·

297 1348 362 1405 nes
386 1324 505 1411 Deus3
539 1323 614 1413 ejus
637 1341 804 1412 qnoque,
835 1322 894 1414 qui
916 1319 1006 1392 dixit
1031 1318 1143 1399 scient
1161 1323 1353 1417 cogitatio·

294 1443 522 1505 noseorum:
549 1420 646 1522 Quid
668 1420 834 1515 cogitetis
852 1421 993 1496 malain
1012 1421 1181 1494 cordibus
1201 1420 1355 1496 vestrisi

294 1526 361 1603 lile
382 1524 552 1598 occultos
573 1540 699 1593 omnes
719 1520 952 1612 malignorum
979 1520 1141 1595 cordium
1162 1519 1277 1595 sensus
1294 1543 1355 1614 pe·

294 1623 462 1703 netrrbili
483 1635 590 1712 atque
616 1619 747 1716 pervio
767 1619 865 1692 rditu
886 1619 1046 1696 obeunte
1063 1635 1191 1700 natura
1206 1622 1355 1699 virtutis

295 1724 363 1803 tun
385 1733 592 1800 contuetur.
1004 1730 1007 1736 ’

392 1846 428 1912 a.
454 1819 523 1895 Sed
545 1819 605 1915 qui
628 1816 717 1911 eripi
734 1814 769 1893 ie
786 1813 831 1892 de
851 1816 998 1893 homine
1018 1835 1096 1894 uno
1114 1820 1208 1894 malo
1231 1819 1265 1894 dr
1292 1820 1356 1894 ini·

297 1941 373 2016 quo
389 1922 601 2011 deprecatus
615 1917 680 2007 ost,
705 1920 742 1991 in
757 1938 829 2009 quo
840 1914 1032 2012 significare
1040 1916 1248 1993 traditorem
1259 1919 1361 1998 titum

301 2019 541 2109 existimatur,
561 2019 633 2112 jam
649 2017 693 2091 de
712 2017 869 2111 plurimis
884 2018 1025 2093 malain
1040 2015 1152 2093 cordo
1169 2019 1359 2113 cogitanti·
1398 2091 1404 2104 ,

301 2121 371 2196 bus
385 2117 561 2210 loquitur,
588 2115 726 2191 dicensr
752 2115 1357 2216 Quicogiraoerunrnuliriusinterdu,
1384 2204 1389 2218 ι

301 2236 374 2295 roro
391 2213 441 2291 dir
461 2214 684 2314 implicuerunt
702 2216 822 2308 prelia.
880 2221 1043 2293 Acaerunt
1058 2217 1182 2313 linguas
1196 2213 1269 2307 [am
1279 2219 1361 2312 ficut

288 2320 473 2416 serpentes:
498 2340 658 2391 menum
672 2314 809 2409 aspidum
823 2317 1105 2402 subtonsores»,
1157 2314 1246 2394 Non
1261 2317 1361 2392 omni

302 2419 338 2494 dt
360 2430 442 2491 tota
465 2414 650 2492 adversum
668 2413 786 2487 David
804 2413 863 2489 die
878 2417 980 2492 armis
999 2430 1173 2494 certatum
1195 2414 1265 2508 est,
1299 2436 1361 2490 ne·

303 2527 374 2610 que
391 2516 526 2614 semper
540 2512 708 2591 instruile
722 2512 800 2589 sunt
819 2519 950 2607 proelia.
1018 2514 1218 2592 Adversum
1239 2529 1359 2595 atatem

303 2617 521 2699 Dominum,
555 2613 746 2692 secundum
769 2616 993 2710 evangelicas
1015 2616 1238 2692 narrationes
1262 2616 1360 2710 elur,

304 2717 442 2794 nullum
455 2728 595 2807 tempus
613 2733 765 2787 vacuum
781 2712 882 2787 fuilie
899 2718 943 2789 ab
955 2714 1196 2793 insedentium
1208 2714 1300 2788 odiis
1309 2717 1361 2789 in·

303 2813 483 2893 venimus.
532 2812 768 2908 Paralyticum
780 2811 892 2889 sanat:
919 2836 1003 2888 mox
1016 2817 1116 2890 deno
1126 2815 1359 2908 minicium,

303 2917 558 3006 amputabant,
585 2913 723 3006 peccati
738 2912 990 3007 indulgentiam
1013 2926 1194 2990 venenato
1212 2934 1279 2989 ore
1293 2915 1364 2989 dis·

303 3014 441 3092 feritur.
492 3012 638 3088 Arinem
653 3028 793 3088 uranum
807 3016 1001 3088 reformate
1024 3011 1139 3091 statim
1157 3015 1301 3088 violate
1313 3018 1363 3091 ln·

304 3115 486 3211 gisreatus
501 3109 720 3187 adscribitur.
771 3111 1157 3187 Demoniacoscurut:
1182 3116 1362 3187 continuo

303 3233 369 3310 per
387 3213 591 3289 Beelzebub
606 3212 862 3288 demoniorum
883 3212 1079 3304 principem
1094 3212 1172 3290 hnc
1186 3210 1363 3305 perlicere

307 3315 476 3407 arguitur.
526 3309 627 3385 Nibil
647 3310 716 3397 est,
742 3311 839 3401 quod
861 3330 935 3381 non
954 3312 986 3384 ei
1002 3313 1146 3406 plenum
1163 3311 1299 3407 semper
1310 3312 1364 3385 in«

307 3410 399 3487 indiis
414 3410 476 3502 srt,
502 3410 600 3502 quod
613 3430 689 3485 non
708 3408 864 3502 viperee
877 3412 1004 3505 lingue
1021 3432 1167 3488 veneno
1182 3407 1362 3503 objectum

304 3507 355 3586 tit.
410 3508 542 3588 Nostra
558 3511 870 3602 quoqueomnium
883 3511 973 3597 vita,
998 3512 1220 3603 maximeque
1235 3528 1364 3586 eorum

310 3609 370 3701 qui
386 3610 549 3705 religioni
566 3608 726 3700 student,
754 3630 830 3699 quae
850 3609 1110 3705 adversantium
1123 3613 1297 3686 virtutum
1311 3606 1365 3682 su·

307 3707 416 3787 stinet
439 3710 552 3801 bella,
587 3724 692 3801 utque
717 3706 1021 3786 obtreiirtionum
1048 3721 1227 3786 venenata
1247 3708 1366 3799 jaculn

309 3806 475 3896 suscipite
502 3808 1366 3901 quoiraodulentaeblandiloquentlevenenonp·

308 3904 473 4007 petituri
500 3905 547 3977 Et
563 3907 638 3981 baec
658 3910 777 3982 omnia
793 3929 857 4000 per
873 3910 1051 3987 homines,
1075 3908 1254 3997 inquibus
1271 3904 1369 4003 spiri·

308 4011 400 4085 tales
432 4007 599 4097 nequitie
627 4023 842 4098 operantur,
877 4008 1042 4085 existunt.
1104 4005 1282 4099 Scriptum
1315 4005 1369 4085 iii

310 4111 425 4189 enims
461 4102 647 4187 Excitavit
664 4106 843 4185 Dominus
862 4107 1014 4187 satanam
1028 4104 1403 4326 811οω0111,λῦ
