3317 4900
338 455 407 530 188
670 441 707 522 S.
757 441 1059 518 litaturo
1146 497 1151 516 .

337 609 439 696 sidae,
474 610 583 694 Dens,
612 621 800 700 peccatores,
833 608 905 674 viri
919 602 1113 696 sanguinum
1133 603 1290 678 tatione
1303 633 1328 680 a
1350 631 1408 688 ene.

338 713 428 804 Quia
450 708 663 778 contentiones
685 712 722 774 in
747 709 931 798 cogitatione
951 709 1107 799 accipient
1131 709 1170 776 in
1189 711 1345 780 vanitate
1361 714 1408 780 ci.

337 816 459 882 nitores
480 823 563 879 tues.
614 810 749 893 Nonne,
783 809 838 902 qni
854 806 988 875 oderunt
1007 821 1057 883 te,
1093 809 1200 890 Deus,
1225 809 1350 880 meroen
1366 813 1407 881 is·

338 911 404 996 los,
428 907 569 1005 &snper
587 909 730 976 inimicos
756 923 824 975 tuos
842 899 1051 994 tabescebam?
1089 903 1234 998 Perfeiio
1251 909 1322 981 celio
1341 909 1406 981 ose·

339 1033 408 1082 tom
433 1009 518 1078 iios.-
550 1010 675 1076 inimici
694 1002 782 1097 sosii
794 1007 874 1094 sunt
892 1007 993 1076 milei.-
1035 1005 1133 1078 trita
1153 1029 1201 1076 noe
1223 1012 1334 1098 Deus,
1366 1011 1405 1088 U

333 1109 414 1202 scito
433 1131 483 1179 tot
502 1130 622 1178 metent:
658 1111 817 1199 interrogo
831 1129 896 1193 one,
921 1102 961 1181 U
970 1105 1051 1194 scito
1065 1106 1192 1191 scenitas
1211 1131 1307 1182 eneae.
1361 1110 1406 1184 Et

338 1210 431 1287 uide,
457 1208 488 1307 ft
507 1213 564 1279 vio
589 1211 780 1305 iniquitatis
803 1211 841 1278 in
861 1229 908 1277 ne
926 1205 983 1303 cll:
1013 1203 1058 1282 'ss
1073 1206 1163 1278 seduc
1175 1229 1223 1280 ne
1241 1213 1281 1280 in
1291 1213 1353 1284 vio
1371 1235 1407 1282 e·

299 1382 301 1386 .
339 1326 444 1384 terno.

437 1475 439 1479 ’
557 1463 922 1540 TRACTATUS
953 1463 1182 1552 PSALMI.

345 1632 377 1686 1.
474 1629 591 1681 mnem
616 1605 869 1698 propheticum
888 1604 1087 1681 sermonem
1104 1629 1149 1680 ex
1164 1606 1277 1680 divini
1298 1604 1412 1700 Spiri-

499 1721 556 1780 tus
580 1704 744 1779 insliniiu
770 1704 970 1797 professum
995 1727 1069 1778 non
1096 1706 1132 1778 in
1154 1703 1311 1790 obscuro
1331 1703 1411 1799 est,

251 1821 256 1826 '
343 1829 423 1881 cum
440 1807 604 1902 legimus:
639 1806 726 1878 Haec
747 1806 834 1877 dicit
854 1805 1056 1891 Dominus;
1087 1805 1129 1878 ¹&
1145 1807 1292 1878 iterum:
1329 1803 1411 1876 Au·

249 1929 252 1948 ¹
344 1909 419 1996 dite¹
441 1907 554 1980 verba
575 1906 742 1991 Domini,·
781 1908 814 1975 tr
838 1903 991 1979 rursum:
1023 1907 1205 2001 Quonitm
1220 1903 1410 1978 Dominus

342 2010 488 2082 locutus
510 2006 580 2093 ell;
608 2003 690 2076 &in
714 2004 860 2076 eodem:
888 2006 941 2076 Os
958 2008 1051 2078 enim
1073 2004 1223 2078 Domini
1241 2006 1412 2078 locutum

343 2108 395 2179 est
413 2106 492 2179 ista:
520 2106 578 2177 De
599 2102 738 2176 Psalmis
757 2119 875 2177 autem
899 2104 971 2197 ipse
992 2104 1171 2180 Dominus
1186 2106 1223 2178 in
1242 2101 1410 2198 Evange-

342 2208 398 2281 liis
433 2203 643 2286 confirmat,
683 2224 763 2274 cum
789 2204 833 2275 de
855 2201 890 2276 se
907 2204 1059 2296 loquens
1075 2206 1142 2277 ait:
1180 2205 1215 2276 Si
1234 2201 1359 2276 David
1375 2202 1411 2274 in

343 2306 478 2398 Spiritu
491 2319 604 2376 vocat
621 2323 701 2377 eum
713 2302 924 2384 Dominum,
951 2304 1137 2393 quomodo
1147 2303 1282 2394 dicitis,
1310 2299 1410 2392 quod
1438 2357 1440 2362 .

344 2405 436 2480 filius
455 2406 530 2497 ejus
547 2401 625 2478 est?
653 2401 803 2476 Docens
822 2406 942 2479 omnia
961 2404 1080 2477 David
1097 2402 1233 2497 Spiritu
1254 2403 1411 2497 prophe·

343 2510 421 2580 tico
447 2508 642 2579 elocutum.
704 2503 888 2577 Locutum
914 2518 1030 2577 autem
1057 2505 1102 2578 de
1128 2505 1162 2576 se
1178 2505 1265 2576 licet
1282 2504 1323 2575 in
1340 2505 1411 2575 hot

346 2608 475 2679 eodem
499 2608 586 2677 loco
612 2602 827 2694 ostenderit,
862 2624 943 2676 cum
971 2607 1014 2677 ab
1030 2624 1076 2676 eo
1095 2606 1142 2676 ait
1160 2602 1362 2679 Dominum
1379 2599 1412 2673 se

346 2705 415 2778 elle
431 2708 467 2776 in
486 2704 619 2797 Spiritu
638 2717 907 2795 nuncupatum3
933 2705 1126 2776 absolutius
1147 2717 1269 2776 tamen
1294 2700 1412 2776 osten·

347 2806 399 2877 dit
421 2807 457 2876 in
481 2803 620 2876 Psalmis
643 2803 898 2875 sacramentum
917 2824 1024 2877 omne
1046 2805 1217 2895 corporei
1232 2803 1412 2876 adventus

346 2902 395 2976 sui
418 2904 620 2991 contineri,
647 2902 785 2976 dicens:
812 2902 901 2975 Haec
918 2902 996 2974 sunt
1021 2907 1132 2975 verba
1148 2924 1240 2988 mea,
1268 2902 1415 2991 quaelo·

348 3017 452 3075 cutus
473 3004 544 3074 sum
564 3001 604 3072 ad
622 3022 707 3093 vos,
735 3021 815 3073 cum
834 3002 948 3073 adhuc
965 3002 1069 3074 ollem
1082 3004 1296 3089 uobiscum,
1325 3019 1415 3092 quo-

346 3105 441 3177 niam
469 3102 667 3193 oportebat
694 3103 814 3179 omnia
838 3101 998 3192 impleri,
1034 3124 1111 3193 quae
1128 3101 1257 3195 scripta
1275 3098 1415 3173 suntin

227 3244 234 3257 ·
345 3205 426 3296 lege
443 3200 564 3292 Moysi
584 3200 840 3292 oenophoris,
867 3200 1055 3274 &Psalmis
1071 3202 1115 3274 de
1130 3224 1199 3275 me.
1251 3199 1345 3273 Non
1365 3196 1416 3270 cst

349 3324 437 3395 ergo
459 3303 682 3394 ambiguum,
715 3302 800 3390 quin
821 3302 857 3371 ln
880 3300 1020 3372 Psalmis
1043 3302 1087 3373 de
1104 3323 1149 3373 eo
1168 3298 1342 3391 scripturn
1362 3297 1414 3371 stt.

347 3401 443 3475 Nam
463 3399 598 3472 tametsr
619 3401 829 3491 plerumque
848 3402 883 3471 in
906 3401 960 3472 his
982 3403 1064 3471 talia
1086 3401 1175 3491 srnt,
1209 3412 1251 3470 ut
1270 3400 1317 3469 ad
1339 3416 1416 3491 pet·

346 3500 470 3576 sonam
491 3498 793 3591 Patriarcharum,
820 3498 1099 3593 Prophetarum,
1126 3497 1416 3593 Apostolorum,

289 3692 292 3697 Ι
348 3600 576 3691 Martyrum,
610 3599 852 3693 generationis
878 3619 1024 3690 quoque
1043 3599 1185 3690 prima,
1220 3597 1418 3693 &genera-

351 3701 462 3773 tionis
481 3697 659 3788 sequentis
675 3698 802 3772 referri
821 3712 1036 3789 oporteant:
1063 3712 1182 3770 tamen
1201 3699 1282 3788 quia
1297 3698 1421 3770 omnia

350 3800 388 3870 in
412 3796 574 3887 Christo,
608 3797 642 3869 or
669 3818 734 3890 per
751 3795 927 3870 Christum
948 3797 1047 3887 sunt,
1083 3798 1254 3890 quidquid
1272 3797 1361 3868 illud
1381 3797 1420 3868 iu

282 3950 285 3975 .
340 3896 493 3973 Psalmis
527 3897 578 3970 est
606 3896 668 3968 sub
698 3896 920 3969 diversorum
949 3896 1109 3989 personis
1140 3899 1421 3991 prophetatum,

352 4018 461 4071 omne
477 3998 522 4070 de
538 3994 615 4088 ipso
637 3992 707 4069 est:
734 4000 814 4084 quia
829 3995 990 4068 dotlrina
1008 3997 1144 4090 omnis,
1171 3996 1319 4070 diversrs
1331 3995 1424 4065 licet

350 4112 615 4197 preceptorum
630 4096 819 4194 generibus
839 4097 1092 4191 multiformis,
1118 4098 1192 4172 hoc
1214 4098 1279 4191 per
1302 4096 1427 4167 diver·

1312 4196 1373 4268 sos
