3317 4900
341 425 414 501 aab
675 409 1071 500 &Humanis
1177 467 1183 472 -
1333 429 1336 434 ’

343 582 396 662 est
415 575 648 670 benedicatis,
678 591 721 653 ut
742 576 830 697 iiatr
869 582 969 673 quod
995 583 1201 678 autemut,
1232 599 1420 702 nonest,

244 693 247 700 ·
343 705 448 792 qusrq
471 676 546 754 fiat.
605 676 676 751 Sed
691 701 750 769 qur
768 695 922 753 eternus
938 681 1009 775 est,
1041 702 1186 782 manet,
1220 713 1337 789 neque
1360 699 1419 778 fa.

343 785 419 862 dius
439 780 501 856 est.
564 778 651 853 Hoc
670 799 759 876 ergo
776 780 1043 874 imperfedium‚
1076 785 1132 878 dr,
1162 799 1204 862 ut
1220 795 1265 867 ed
1278 798 1416 877 intelli·

340 882 469 986 gentiae
489 876 690 973 profertum
707 879 828 954 dicere
842 881 1053 978 audeamus,
1086 886 1319 982 inoperatum
1337 899 1415 977 Dei

340 985 440 1062 oculi
459 983 534 1074 ejus
552 978 731 1055 viderunt.
913 981 916 986 '

444 1101 501 1175 33.
532 1076 852 1175 Imperfetdumenim
868 1094 959 1150 tuum
971 1084 1303 1166 uidenutaeule'mer'.
1338 1095 1413 1174 Sed

340 1185 404 1278 qui
433 1180 576 1255 tandem
601 1176 726 1251 oculi?
763 1176 948 1270 Numquid
976 1180 1242 1282 spiritudini,
1277 1197 1411 1284 quibua

341 1283 462 1360 Deum
489 1292 625 1372 patrem
645 1278 740 1352 solus
760 1275 977 1373 Unigenitus
1001 1284 1130 1357 videti
1170 1287 1241 1362 Sed
1254 1291 1312 1366 isti
1331 1317 1410 1372 non

340 1380 545 1483 egentius,
581 1396 658 1468 quae
675 1372 889 1469 sequuntur:
927 1383 975 1452 Er
996 1384 1149 1473 iniibro,
1179 1388 1324 1487 inquit,
1352 1413 1410 1470 rea

340 1505 444 1558 amnes
454 1478 655 1569 scribentur,
680 1482 729 1548 dia
745 1477 960 1572 replebuntur,
987 1482 1025 1555 (i
1042 1507 1131 1556 name
1147 1489 1261 1561 murs.
1314 1491 1409 1571 Pro.

340 1582 473 1662 sestum
488 1577 750 1652 indemutabilis
766 1579 825 1650 iila
839 1582 1013 1677 unigeniti
1026 1579 1094 1654 Dei
1109 1595 1231 1658 neutra
1248 1609 1329 1663 non
1345 1617 1409 1668 ex·

339 1684 444 1780 petit
517 1675 645 1768 Ecqui
673 1679 815 1750 tandem
843 1680 875 1750 ei
896 1683 965 1753 erit
979 1681 1178 1776 profectus,
1208 1702 1250 1759 ut
1270 1710 1407 1767 omnes

340 1781 439 1858 ocuii
455 1777 531 1870 ejus
550 1778 587 1850 in
603 1780 697 1850 libro
713 1775 923 1871 scribantur,
947 1780 980 1853 dr
997 1780 1054 1852 die
1068 1787 1283 1878 repleantur,
1308 1807 1352 1861 ut
1363 1795 1406 1868 in

280 1971 284 1978 ¹
339 1881 396 1958 bis
413 1886 522 1954 nemo
536 1873 603 1952 sud
627 1875 714 1952 Hoc
728 1891 847 1952 totum
858 1880 1157 1959 contumeliosum
1170 1883 1404 1983 &impudens

337 1979 558 2074 estopinari.

338 2101 344 2110 ·
441 2101 499 2173 34.
525 2077 594 2153 Sed
612 2075 910 2168 quemadmodum
928 2077 1103 2175 emejus,
1128 2083 1167 2160 in
1184 2105 1259 2178 quo
1273 2081 1405 2163 Eccle-

336 2175 395 2262 tia
413 2199 547 2272 eorpus
564 2175 782 2267 ostenditur,
821 2199 898 2268 quae
913 2187 1058 2255 occulta
1076 2201 1202 2279 erant,
1240 2207 1320 2261 non
1342 2209 1402 2261 oc·

338 2284 475 2357 cultata
496 2273 600 2363 sunt3
632 2276 682 2349 itu
704 2279 801 2350 oculi
819 2280 895 2370 ejus
916 2280 1005 2360 hoc,
1037 2287 1134 2372 quod
1152 2285 1402 2376 imperfectum

328 2377 410 2460 'Dei
428 2379 502 2474 est,
534 2377 716 2452 viderunt.
775 2377 828 2452 Os
847 2395 966 2454 autern
984 2382 1027 2455 ad
1044 2381 1232 2473 Ecciefiam
1249 2383 1400 2481 referri,
1421 2409 1424 2416 ·

338 2502 418 2577 que
438 2494 574 2572 ¹corpus
596 2475 646 2550 est
672 2474 817 2563 Christi,
856 2477 1014 2572 superius
1033 2485 1294 2561 admonuimus.
1363 2486 1402 2560 in

336 2601 498 2676 corpore
521 2586 612 2652 v'ero
637 2578 767 2649 oculos
788 2581 990 2672 principalis
1008 2580 1078 2655 effe
1100 2581 1208 2655 officii
1227 2606 1272 2657 ac
1287 2587 1399 2659 virtu·

336 2686 409 2773 tis,
442 2678 573 2753 nemini
589 2677 734 2749 dubium
752 2677 813 2753 est.
873 2678 1021 2771 Ecquis
1040 2685 1136 2754 oculi
1152 2686 1323 2773 potiores
1344 2707 1398 2759 ce·

336 2784 424 2857 teris
445 2779 611 2852 membris
632 2775 731 2869 sunt,
768 2779 805 2850 in
822 2776 876 2850 his
897 2779 1096 2871 Apostolos
1118 2780 1304 2877 significari
1325 2806 1398 2859 nou

335 2878 584 2975 ambigendum
601 2874 669 2949 ests
701 2894 765 2968 per
782 2897 874 2968 quos
894 2874 1013 2954 lumen
1032 2880 1198 2954 Eccieirae
1215 2881 1251 2955 dr
1272 2905 1398 2975 opera·

333 2978 445 3053 tionis
471 2978 591 3051 divina
611 2974 775 3068 mysteria
801 2979 1014 3071 praebentur.
1078 2982 1190 3079 Quod
1215 2981 1398 3056 Dominus

333 3071 787 3171 munifesteinEvangeliis
804 3075 970 3153 ostendit.
1020 3077 1187 3171 Namque
1200 3102 1284 3156 curn
1297 3082 1398 3176 Apo·

333 3177 449 3255 stolus
472 3175 663 3269 salterrae,
700 3175 820 3250 lumen
834 3177 978 3269 mundi,
1016 3176 1247 3254 &lucernam
1268 3183 1396 3256 domus

333 3278 372 3354 in
395 3277 611 3353 candelabro
632 3275 682 3349 ob
705 3275 901 3371 egregia&
929 3276 1178 3369 conspicabilia
1204 3277 1278 3374 (ad
1299 3302 1396 3355 com·

332 3379 528 3473 pacationis
555 3373 787 3472 exemplum)
810 3371 893 3449 fidei
914 3373 982 3448 suae
1008 3398 1120 3470 opera
1135 3380 1396 3475 nuncupaiiet,

331 3478 469 3552 rursum
492 3495 630 3548 uocans
651 3495 716 3547 eos
736 3495 755 3547 a
774 3477 925 3549 terrenis
950 3475 1295 3570 &corruptibilibus
1321 3483 1396 3555 the·

320 3575 465 3667 saurir,
502 3574 572 3649 &a
591 3570 697 3646 seculi
712 3575 840 3667 lucris,
873 3574 944 3649 eiie
966 3579 1095 3648 oculos
1118 3582 1288 3671 corporis
1305 3580 1395 3653 dixit

332 3676 403 3752 ite:
436 3675 602 3749 Lucerna
620 3675 786 3765 corporis
806 3676 858 3745 tui
875 3675 926 3750 est
944 3677 1071 3748 ocuurs
1092 3691 1187 3749 tuus.
1250 3678 1291 3751 Si
1307 3698 1394 3753 ocu·

332 3776 389 3850 lus
401 3790 483 3848 tuus
499 3770 718 3868 impunest,
745 3785 863 3846 toturn
875 3795 1007 3865 corpus
1024 3790 1122 3848 tuum
1136 3778 1203 3849 erit
1217 3776 1394 3855 lucidum:

331 3874 359 3950 fi
378 3890 494 3949 autem
513 3876 640 3947 oculus
656 3886 737 3944 tuus
750 3892 901 3962 nequam
921 3875 982 3955 est,
1009 3890 1126 3946 toturn
1141 3897 1277 3969 eorpus
1292 3895 1392 3952 tuum

331 3974 563 4049 tenebrosum
582 3975 671 4047 erit·
715 3972 750 4043 Si
766 3988 853 4068 ergo
871 3974 1001 4060 iumen,
1029 3975 1125 4064 quod
1142 3976 1178 4048 in
1194 3995 1231 4048 te
1248 3976 1313 4071 est,
1337 3992 1392 4059 req

331 4077 452 4152 uebrae
470 4074 564 4172 sunt,
586 4074 744 4155 tenebre
759 4070 842 4170 ipsc
857 4082 996 4166 quautae
1016 4073 1151 4151 erunt?
1175 4074 1295 4150 Extra
1309 4093 1393 4149 cor·

373 4214 376 4219 ·
874 4222 877 4227 «
1233 4196 1347 4283 pora·
