3317 4900
315 437 363 526 m
657 425 692 504 ἃ
742 385 1228 505 onuurr'.s.

318 596 424 666 nisus
442 588 499 681 sii,
531 586 572 667 D
592 611 650 662 nos
666 589 794 660 liberari
801 592 924 680 sumus.
973 593 1180 684 Adiutorium
1191 592 1328 692 nostrum
1345 601 1386 674 in

317 697 446 766 mnino
465 693 616 778 Domini,
640 695 697 788 qui
712 688 795 781 fecit
813 691 920 762 coium
936 690 975 768 D
994 709 1124 765 terram.

539 835 908 924 ruocrnros·
936 819 1159 929 usuriis

320 1012 354 1069 1.
442 991 544 1066 ttuiit
567 1009 732 1086 magnum
753 991 860 1062 nobis
878 991 1129 1083 compendium
1149 991 1300 1074 Pialmus
1322 1020 1383 1074 an.

467 1094 600 1164 terior:
624 1092 669 1163 ub
691 1108 737 1161 eo
754 1091 848 1163 enim
864 1090 900 1163 in
916 1090 1012 1164 hunc
1029 1089 1216 1170 scanditur.
1269 1097 1381 1174 Oculi

316 1213 471 1282 namque
488 1190 618 1266 mentis
632 1186 901 1278 nostraeintenti
916 1188 953 1262 in
974 1189 1091 1264 Deum
1110 1193 1254 1268 fuerunt
1265 1218 1381 1292 usque

317 1294 363 1368 ad
387 1290 634 1367 misericordie
653 1285 782 1379 finem,
808 1289 928 1362 multis
947 1290 1103 1384 undique
1126 1294 1381 1385 aspernationi·

316 1397 385 1468 bus
407 1393 440 1465 δι
462 1389 668 1483 opprobriis
683 1381 1003 1462 circumstantibus.
1039 1389 1228 1484 'Postouae
1244 1396 1378 1472 miseri·

317 1493 476 1568 cordiam
494 1486 729 1578 consecutos,
757 1488 791 1562 os
806 1488 851 1562 de
865 1489 1067 1582 opprobrio
1083 1493 1120 1565 in
1140 1495 1378 1592 abundantia,

285 1639 287 1645 -
316 1597 364 1670 de
381 1590 627 1686 aspernatione
642 1591 678 1660 in
695 1587 857 1680 superbia
872 1589 1095 1682 collocatos,'
1118 1594 1201 1683 quid
1217 1616 1320 1689 ogere
1334 1620 1378 1672 ac

314 1694 416 1785 loqui
442 1710 510 1763 nos
535 1701 725 1782 oporteat,
758 1685 941 1780 Propheta
962 1688 1203 1785 demonstrat,
1236 1696 1377 1772 disens:

314 1794 392 1887 Niss
409 1792 489 1886 quod
507 1792 666 1861 Dominus
683 1794 805 1858 eratin
825 1789 930 1875 nobis,
962 1791 1048 1860 dicat
1066 1816 1154 1861 nunt
1169 1795 1285 1880 Israel,
1317 1799 1378 1894 nr'fi

314 1895 396 1993 quod
413 1894 571 1964 Dominus
587 1903 656 1960 ero!
672 1891 707 1956 in
719 1887 832 1974 nobis5
855 1888 1089 1981 sumssssgsrent
1100 1893 1242 1963 homines
1254 1901 1291 1965 in
1303 1922 1374 1985 nos,

308 1995 399 2090 forto
415 1998 510 2062 uiuos
526 1988 722 2082 deglutitions
736 2011 805 2061 nos.
855 1986 904 2059 Et
919 1990 1059 2079 quidem
1074 1988 1190 2065 sermo
1205 1991 1276 2086 ipse
1290 1998 1373 2069 toiiu

312 2091 386 2186 est,
419 2104 461 2163 ut
484 2089 702 2184 intelligatur
726 2083 916 2181 Prophetae
936 2086 1026 2181 effe,
1059 2089 1262 2177 instruentis
1287 2095 1374 2190 qpid

272 2203 274 2208 '
312 2195 384 2270 dici
401 2212 421 2264 a
438 2189 570 2264 ceteris
593 2198 775 2279 oporteat.
826 2186 980 2280 Primum
1003 2192 1096 2263 enirn
1116 2211 1174 2264 res
1194 2191 1266 2288 ipsa
1282 2194 1375 2272 diota

313 2292 381 2368 est:
420 2290 569 2378 dehinc,
607 2286 757 2377 qualiter
773 2284 814 2358 srt
830 2287 1000 2379 dicenda,
1034 2289 1260 2367 monstratur.
1323 2293 1374 2368 Et

252 2404 256 2411 ’
310 2394 371 2469 hic
393 2390 462 2465 fuit
481 2388 597 2480 ordo,
633 2399 696 2476 ut,
728 2387 812 2477 quid
830 2389 1026 2483 agendum,
1052 2390 1180 2464 dehinc
1197 2406 1374 2482 quatenus

221 2506 229 2521 ⁸
311 2493 487 2591 agendum
502 2484 610 2579 effet,
635 2482 895 2562 ostenderetur.
948 2490 1020 2583 Nifi
1035 2493 1112 2585 quod
1132 2496 1290 2563 Dominus
1303 2510 1375 2567 erut

310 2599 349 2665 s‘n
363 2592 462 2677 sniis,
488 2592 572 2660 dicas
591 2612 675 2656 nunc
690 2588 798 2657 israel.
850 2586 993 2661 Dictum
1013 2589 1062 2661 est
1074 2611 1176 2685 ergo,
1205 2594 1287 2683 quid
1301 2595 1373 2667 dici

285 2688 356 2768 ’ἑὼ
379 2690 487 2764 israel
510 2699 711 2782 oporteret.
764 2684 822 2757 De
840 2685 947 2759 israel
964 2687 1171 2779 frequenter
1187 2693 1373 2766 admonui-

308 2814 410 2883 mus,
436 2810 517 2862 eum
532 2782 797 2861 existimandum
814 2783 897 2876 eise,
926 2788 985 2877 qui
1004 2789 1118 2862 Deum
1136 2794 1262 2864 mentis
1281 2814 1370 2867 ocu·

289 2884 350 2967 ¹lis
375 2882 639 2981 contemplatos
663 2884 715 2960 fit.
774 2884 883 2957 Nunc
900 2906 988 2980 ergo
1005 2886 1195 2963 secundum
1213 2893 1372 2984 prophe·

306 2994 414 3066 ticam
438 2987 634 3061 doetrinam
655 2986 806 3081 cognito
826 2985 910 3076 quid
930 2987 1049 3058 dicere
1065 2990 1204 3065 debeat.
1255 2992 1370 3065 Israel

305 3091 488 3184 loquitur:
525 3089 599 3182 Nsst
619 3087 694 3183 quod
720 3089 879 3155 Dominus
896 3104 965 3155 erar
984 3093 1022 3155 in
1043 3090 1152 3175 noiis3
1176 3115 1243 3162 sum
1260 3092 1370 3185 surge.

231 3198 233 3203 ’
307 3207 383 3264 reni
403 3190 545 3259 homines
562 3194 601 3257 in
616 3188 698 3270 nos,
729 3184 819 3275 forte
835 3190 929 3255 vinos
945 3186 1142 3279 deglutissent
1160 3216 1227 3260 nos.
1279 3191 1368 3265 Hoc

305 3311 395 3386 ergo
414 3287 524 3362 Israel
545 3285 746 3378 exemplum
774 3284 951 3380 occipiens
973 3308 992 3357 a
1014 3286 1218 3380 Propheta,
1255 3289 1368 3365 dicit:

305 3393 388 3485 quia
403 3387 559 3465 audivit:
584 3387 659 3482 Mfi
667 3385 746 3482 quod
758 3392 917 3456 Dominus
931 3405 1000 3457 srot
1014 3392 1051 3457 in
1060 3389 1158 3476 nobis,
1183 3390 1268 3460 disat
1280 3415 1370 3463 nunc

306 3490 417 3566 Israsi.

405 3611 437 3666 α.
462 3584 554 3661 Non
576 3580 627 3657 est
654 3595 771 3656 autem
796 3584 882 3657 leve
903 3582 1105 3658 mandatum
1123 3586 1230 3680 iliud,
1267 3592 1369 3681 quod

303 3687 443 3763 necesse
460 3687 529 3761 fuit
541 3698 724 3779 preeunte
736 3684 891 3772 quodem
903 3681 1092 3775 Prophetae
1110 3691 1294 3775 praeconio
1307 3692 1367 3763 de·

300 3789 501 3865 monstrosi.
551 3785 594 3859 In
610 3783 663 3856 his
679 3804 831 3875 namque
848 3787 974 3874 rebus,
1001 3804 1078 3874 quae
1095 3785 1253 3861 difficiles
1268 3786 1361 3880 sunt,

256 3890 259 3907 '
301 3883 739 3974 defideroturexernplum.
792 3881 919 3955 Omnis
932 3883 1024 3955 enirn
1038 3900 1165 3958 natura
1177 3889 1363 3963 hominum

300 3986 456 4063 insolens
478 3986 521 4060 ad
545 4006 603 4059 res
619 3978 787 4057 secundas
805 3981 875 4055 ests
901 3982 1202 4060 &imbecillitatis
1218 3983 1283 4058 suae
1298 3988 1365 4060 im·

299 4107 463 4183 memor,
488 4084 690 4162 inconsulte
707 4082 743 4173 io
760 4082 937 4179 prosperis
950 4082 1086 4177 jaitarrs
1105 4086 1169 4183 est,
1198 4086 1294 4178 qood
1316 4091 1363 4163 ab

1200 4186 1314 4262 mm-
