3317 4900
362 427 653 516 Tuerarua
678 450 728 508 tu
752 427 960 506 cxxxtt
985 417 1218 510 Pantuurr.
1272 451 1347 548 μς

273 601 359 698 pite,
389 595 471 694 quod
492 594 646 680 descendit
662 591 855 682 inbarban,
888 591 1015 664 barbam
1028 595 1169 682 Αανσρς,
1193 592 1342 691 quidde.

275 697 394 788 [cendit
412 699 451 765 in
465 717 554 765 orara
570 692 750 788 vestimenti
768 697 845 782 ejus.
896 691 1023 790 Aaron
1039 705 1250 788 unguento,
1278 713 1339 766 cu·

267 798 328 892 jur
358 791 575 888 compositio
601 790 820 866 &confusro
846 813 894 866 ex
909 792 1085 865 odoribus
1106 791 1339 884 continetur,

269 894 401 972 uniius
412 891 510 968 estin
522 890 755 967 sacerdotem.
798 889 904 966 Hanc
915 886 1222 978 consecrationem
1233 892 1338 985 primi

270 991 470 1069 sacerdotis
485 987 534 1066 sui
554 983 640 1066 De'o
660 990 729 1064 effe
744 991 974 1086 'complacuit
1027 988 1223 1080 Dominum
1245 993 1340 1084 quo&

270 1115 343 1187 que
357 1089 517 1166 nostrum
529 1089 752 1165 invisibiliter
768 1089 1095 1184 &incorporaliter
1107 1088 1251 1166 unitum
1266 1087 1336 1166 effu

273 1192 530 1290 cognovimus,
556 1191 795 1265 cumdicitur:
823 1189 941 1264 Un'xit
953 1205 990 1264 te
1000 1189 1114 1280 Deus,
1140 1189 1336 1270 Deustuur

273 1294 362 1366 oleo
387 1291 631 1365 exultationis.
690 1287 827 1364 Untiio
846 1289 910 1364 ista
926 1304 1070 1364 terrena
1084 1309 1162 1363 non
1179 1287 1250 1380 est,
1283 1290 1336 1362 in'·

272 1411 452 1485 corporea
470 1387 541 1485 est,
566 1389 750 1464 invisibilis
765 1390 834 1464 est:
859 1411 934 1464 non
949 1391 993 1463 de
1008 1391 1094 1463 oleo
1110 1402 1152 1461 ut
1168 1387 1334 1462 sacerdos

270 1491 306 1564 ὰ
323 1490 520 1588 Propheta,
544 1510 620 1563 non
638 1508 753 1561 cornu
766 1502 808 1561 ut
820 1510 899 1580 rex,
923 1489 982 1564 sed
996 1491 1083 1562 oleo
1101 1489 1334 1564 exultationis

271 1591 428 1687 ungitur.
481 1587 586 1682 Opus
599 1586 688 1662 istud
705 1587 836 1668 letitia
851 1586 1011 1679 spiritalis
1027 1587 1090 1674 est,
1117 1588 1150 1662 ἂ
1164 1587 1207 1660 ad
1223 1586 1333 1670 sacra·

270 1706 431 1766 mentum
455 1686 605 1763 eoelestis
631 1684 810 1761 unitionis
832 1689 1063 1763 exultationis
1087 1685 1220 1762 frueius
1237 1687 1334 1776 adiri

271 1790 395 1864 betur:
420 1808 498 1864 nou
515 1788 681 1862 materies
700 1799 874 1861 creaturae
892 1785 953 1862 est.
1013 1788 1108 1885 Quia
1128 1788 1334 1883 corporalia

272 1889 526 1982 corporalibus
535 1888 758 1984 indigebant:
779 1885 908 1959 Aaron
918 1906 1024 1977 myro
1036 1887 1256 1958 confusionis
1267 1905 1332 1959 un·

268 1989 385 2084 gitur:
419 1986 479 2060 sed
499 1986 557 2079 id,
590 1988 686 2079 quod
710 1987 907 2083 corporale
921 1985 991 2078 est,
1026 2007 1090 2077 per
1107 1984 1331 2062 efficientiam
1373 1997 1376 2002 '

269 2084 421 2160 virtutis
441 2084 602 2177 spiritalia
614 2087 807 2166 imbutum,
833 2086 986 2180 speciem
1003 2085 1076 2158 olei
1093 2083 1241 2156 coeiestir
1255 2085 1330 2158 irni-
1427 2147 1430 2152 ,

267 2197 378 2261 tatur.
437 2183 606 2276 Denique
630 2183 711 2277 post
730 2187 823 2263 hanc
838 2184 1044 2259 unitionem
1063 2182 1190 2256 Aaron
1210 2181 1331 2256 secun·

267 2284 354 2360 dum
375 2285 491 2380 legem
518 2281 666 2358 christus
690 2283 741 2357 est
756 2297 1004 2379 nuncupatus,
1041 2282 1123 2376 post
1146 2303 1249 2373 quarn
1265 2304 1331 2355 un·

268 2381 398 2458 &ionia
415 2382 579 2459 confusso
596 2382 726 2477 perid,
753 2384 850 2487 quoti
869 2382 985 2459 rDeo
996 2380 1170 2458 confundi
1181 2382 1330 2457 demon·
1423 2443 1426 2449 .

265 2482 373 2558 strata
388 2482 453 2579 est,
477 2485 515 2558 iu
532 2482 683 2579 speciem
699 2482 876 2559 unitionis
890 2484 1072 2559 iuviiibilis
1086 2478 1328 2557 consecratur.

265 2582 324 2655 Ut
342 2583 449 2677 igitur
465 2584 540 2657 hoc
554 2604 696 2677 myrum
712 2603 839 2659 omnes
854 2584 1022 2659 foetenter
1040 2585 1194 2673 odores,
1221 2581 1327 2657 &irn-

262 2681 423 2759 mundor
437 2682 598 2757 cordium
612 2680 765 2779 spiritua,
791 2702 1020 2775 quocumque
1037 2682 1187 2757 infusum
1203 2681 1325 2774 fuerit,

257 2780 461 2876 extinguit,
486 2780 592 2877 seque
607 2782 643 2856 iu
660 2782 794 2874 omnia,
818 2783 857 2857 in
877 2803 954 2874 que
969 2783 1136 2873 infertur,
1160 2780 1253 2853 odor
1266 2780 1326 2867 hie

262 2879 450 2959 suavitatis
464 2879 636 2957 infundit:
671 2880 721 2954 ita
734 2901 799 2977 per
818 2882 892 2981 hoc
913 2879 1166 2957 sacramentum
1188 2878 1345 2959 unitio„

261 2979 320 3055 uia
346 2976 488 3072 infusa,
527 2979 642 3073 &per
662 3003 740 3056 eam
764 2983 863 3056 omni
878 2994 1105 3055 terrenorum
1124 3001 1166 3055 ac
1182 2977 1328 3054 sorden-

264 3077 355 3153 tium
375 3078 549 3155 vitiorum
572 3078 777 3157 nostrorum
793 3080 926 3155 foetore
942 3080 1106 3173 deterso,
1134 3080 1216 3155 Deo
1231 3082 1325 3170 jam,

263 3178 362 3351 ἓυοά
380 3176 431 3253 est
449 3177 571 3271 suave,
596 3176 775 3273 spiramus.
817 3178 947 3254 Novit
965 3182 1061 3255 hunc
1075 3178 1328 3253 suaveolentia

279 3277 423 3371 pitirum
438 3280 566 3354 beatur
581 3276 782 3373 Apostolus
796 3276 939 3371 Paulus,
964 3280 1087 3353 dicens
1104 3281 1172 3353 ita:
1199 3274 1327 3351 Christi

250 3376 383 3450 ¹bonus
399 3377 493 3452 odor
508 3377 626 3457 sumus
641 3378 725 3451 Deo
743 3380 779 3453 in
798 3381 897 3453 omni
914 3379 1017 3471 ioco,
1041 3380 1078 3461 in
1098 3381 1166 3467 his,
1192 3377 1251 3468 qui
1264 3374 1325 3469 sai·

261 3488 409 3567 vantur,
434 3476 606 3571 &iuhia‚
632 3478 875 3572 quipereunt;
902 3478 982 3571 &in
995 3476 1066 3553 istis
1077 3477 1216 3573 quidem
1229 3474 1324 3547 odor

261 3594 308 3647 ex
327 3590 447 3649 morte
464 3576 501 3650 in
517 3591 695 3671 mortem,
721 3574 792 3650 istis
812 3592 939 3669 autem.
950 3580 1046 3655 odor
1063 3576 1109 3650 eir
1123 3577 1199 3647 vita
1217 3576 1254 3647 in
1271 3573 1325 3647 vi·

261 3688 355 3746 tam:
388 3689 431 3748 ut
448 3676 600 3751 odorem
620 3676 704 3751 vitae
721 3698 788 3751 nos
809 3674 878 3753 etse
896 3679 1127 3767 viventibus,
1163 3674 1214 3747 ita
1232 3672 1324 3747 odo·

258 3790 339 3849 rem
358 3768 429 3847 effe
445 3777 570 3851 mortis
588 3776 663 3869 his,
691 3778 799 3867 quiin
816 3780 974 3871 peccatis
994 3775 1061 3849 suis
1074 3788 1324 3855 morerentur,

260 3868 468 3949 ostendens.
522 3872 601 3968 Ipse
619 3891 739 3953 autem
761 3874 890 3951 Christi
906 3878 1000 3950 odor
1017 3895 1064 3949 ex
1082 3872 1188 3957 nobis
1205 3876 1325 3947 bonus

258 3970 348 4047 Deo
371 3970 434 4048 est.
494 3972 549 4047 Ut
571 3974 677 4073 igitur
697 3975 867 4069 placitum
887 3976 961 4050 hoc
983 3978 1019 4048 in
1041 3977 1180 4066 primo,
1213 3974 1248 4045 id
1273 3971 1326 4045 est

258 4070 403 4171 Aaron,
429 4066 616 4151 sacerdote
631 4089 853 4177 unguentum
865 4074 949 4151 Deo
965 4074 1105 4172 extitit„
1126 4093 1200 4171 quo
1214 4073 1325 4151 inex·

751 4172 819 4269 13
877 4272 882 4283 ἱ
1117 4173 1290 4269 ,emotum
