3317 4900
307 487 377 560 tm
541 474 752 556 sonum.
777 447 1145 596 eenamcenam.

280 640 285 651 '
311 643 377 720 ubi
397 636 555 726 Christus
575 638 648 726 est,
672 638 755 736 Post
772 651 929 716 mortem
951 634 1199 713 eiseaffirmrt.
1248 635 1381 724 „Nam

315 782 426 855 eum,
469 762 586 854 inquit
613 762 674 835 lih.
695 782 731 857 9.
759 760 804 834 de
830 757 962 836 Trinit.
989 763 1023 852 §.
1057 779 1116 849 50.
1145 755 1253 832 Pater
1286 756 1382 831 volit

316 881 508 956 credentes
539 883 576 955 in
610 881 703 955 Filio
730 883 844 956 vitum
874 893 1042 955 uternam
1071 879 1235 971 habero,
1270 876 1390 952 rium·

317 1003 401 1075 vuit
419 1003 505 1095 iilic,
526 1004 591 1078 ubi
610 1002 683 1096 ipse
699 1002 754 1092 stt,
781 999 851 1076 effe
865 1000 1068 1077 credentes.
1117 997 1193 1074 Nisr
1209 997 1383 1071 iorteoo·

316 1121 630 1214 habitarechristo
646 1143 722 1198 non
737 1119 1012 1226 htaetemiteu.“
1055 1117 1229 1223 'Siautem
1239 1115 1383 1194 Christo

321 1243 533 1317 cohabitare
553 1243 633 1317 vita'
650 1256 782 1318 eterna
804 1240 877 1337 est,
913 1255 1045 1315 aeterna
1073 1240 1151 1315 vita
1170 1237 1385 1336 potiuntur,

323 1363 385 1454 qui
404 1383 490 1437 com·
507 1360 651 1439 Christo
672 1364 770 1438 sunt:
797 1361 894 1455 atqui
910 1381 956 1435 ex
974 1360 1150 1435 sententia
1164 1359 1290 1434 Hilarii
1301 1363 1387 1440 cufi

323 1479 467 1557 Christo
482 1482 582 1576 suot,
608 1483 668 1576 qui
679 1482 718 1557 in
732 1495 845 1582 regno
863 1483 939 1576 eius
952 1480 1048 1557 suot:
1073 1482 1123 1556 ilii
1136 1499 1225 1579 ergo
1238 1481 1388 1574 potiori·

282 1596 640 1680 'turvitaaete'rnu
723 1701 725 1706 Ι
1339 1609 1380 1640 '²

425 1721 548 1797 Potest
574 1722 608 1796 dr
629 1723 727 1797 iliinc
746 1724 821 1799 hoo
849 1722 944 1798 aiiud
964 1719 1097 1797 confici
1117 1734 1388 1818 argumentum:

323 1831 400 1944 Qui
413 1840 556 1917 Christo
577 1843 808 1936 cohabitant,
843 1844 917 1917 illic
935 1841 1035 1927 suut,
1060 1842 1122 1916 ubi
1137 1837 1296 1915 Christus
1315 1839 1387 1915 estr

245 2018 250 2027 ,
324 1964 425 2056 etqui
440 1961 599 2037 Christus
622 1961 673 2036 est
690 1965 727 2038 in
742 1965 857 2037 coelis:
890 1963 927 2037 in
941 1964 1039 2037 ooeiit
1056 1963 1178 2054 itaque
1195 1959 1295 2045 suot,
1327 1962 1390 2054 qui

249 2131 253 2144 ·
298 2163 302 2168 ,
324 2068 473 2158 Christo·
485 2070 708 2158 cohabitant
757 2082 874 2156 Porro
892 2085 953 2177 qui
970 2084 1007 2157 in
1024 2104 1137 2181 regno
1153 2080 1282 2158 Christi
1295 2064 1390 2176 sont,

226 2257 231 2263 -
326 2201 471 2279 Christo
487 2200 793 2278 cohabitanttilii
811 2202 919 2299 igitur
929 2206 1062 2299 pariter
1081 2202 1208 2278 suntin
1224 2204 1336 2283 coeiia.
1380 2229 1385 2238 ·
1404 2284 1409 2294 ,

425 2323 519 2399 Praet
540 2345 601 2398 rea
621 2342 708 2416 eos,
744 2324 804 2415 qui
822 2324 904 2417 post
918 2326 1011 2400 hanc
1023 2328 1136 2400 vitam
1153 2323 1282 2399 emisti
1301 2343 1393 2399 con·

301 2509 305 2517 ,
324 2442 441 2522 sortes
458 2348 539 2518 fied
560 2458 765 2536 merentur,
790 2441 918 2520 faciem
941 2446 1013 2521 Dei
1030 2446 1162 2520 intueri
1180 2446 1217 2520 in
1234 2442 1285 2518 Pi'.
1309 2468 1392 2537 ¹4²·-

266 2634 272 2641 .
327 2554 363 2661 ζ.
381 2590 415 2664 9.
434 2580 511 2639 ¹nou
527 2554 688 2640 ¹obscure
707 2562 879 2659 significat
901 2566 955 2639 his
973 2566 1114 2641 verbis:
1145 2564 1274 2659 „Non
1292 2584 1397 2639 aver·

327 2697 383 2760 tas
405 2686 532 2762 faciem
554 2709 574 2760 a
599 2709 678 2776 me,
713 2684 882 2759 &similis
900 2705 966 2759 ero
987 2685 1281 2764 descendentibus
1297 2688 1333 2759 ih
1347 2688 1396 2759 ia·

329 2824 424 2882 eum.
486 2808 622 2880 Lacum
648 2806 824 2898 poentiem
848 2805 1047 2879 inferorum
1076 2809 1200 2882 locum
1223 2804 1395 2900 scriptura

329 2924 602 3002 tommemorat.
653 2923 753 3020 Ergo
771 2924 833 2998 nist
850 2924 960 3000 facies
977 2925 1060 3017 Dei,
1088 2928 1147 3018 qui
1160 2925 1397 3017 utiqueChri·

328 3044 403 3125 stus
423 3045 487 3137 est,
515 3045 574 3135 qui
592 3045 709 3140 imago
731 3044 800 3117 Dei
815 3045 1077 3138 invifihilisest‚
1104 3047 1298 3138 unicuique
1312 3044 1398 3120 Sun-

326 3163 392 3241 t⁰to
421 3165 596 3259 adfuerit,
631 3165 701 3239 erit
721 3163 789 3236 iliis
808 3165 948 3258 suuiiis,
977 3167 1037 3257 qui
1052 3188 1166 3260 poenae
1182 3165 1311 3264 inferni
1335 3166 1396 3237 de·

329 3289 446 3382 putati
466 3286 579 3358 evita
598 3284 666 3360 hac
679 3284 750 3358 nne
762 3282 821 3376 spe
833 3286 962 3376 quietis
979 3285 1241 3363 excefferint.“
1289 3280 1398 3356 Unde

332 3408 371 3485 in
388 3404 439 3482 Ps.
461 3410 587 3501 119.§.
601 3425 636 3494 4.
656 3401 772 3479 Adam
783 3405 852 3493 jem
867 3406 991 3502 gioriae
1003 3403 1309 3493 donatumgdieere
1322 3421 1402 3477 non

285 3574 289 3605 t
334 3525 493 3600 dubitat:
520 3523 674 3619 „Adam
691 3522 893 3618 confossus,
919 3524 1266 3615 veuiae'reservatus‚
1289 3505 1399 3619 giori-

332 3641 462 3719 ficatua
480 3648 516 3720 io
530 3640 673 3717 Christo
692 3642 755 3720 est.
764 3643 793 3687 “
1025 3648 1027 3653 ’

364 3787 367 3799 ’
433 3763 592 3861 Aliunde
604 3763 711 3837 etiam
722 3760 876 3856 constat,
902 3782 1081 3855 nunquam
1096 3782 1172 3837 enm
1185 3762 1312 3837 Hilarii
1326 3758 1398 3835 seu·

334 3885 485 3960 tentiam
502 3874 623 3964 fuih'e,
647 3882 736 3957 nulii
759 3880 889 3956 Sentio
909 3895 992 3959 ante
1007 3881 1181 3974 judicium
1199 3885 1326 3957 coelum
1339 3902 1399 3977 pt·

332 4017 426 4081 tere.
487 4003 603 4095 Huius
622 4000 805 4096 hodieque
820 4002 959 4078 incolas
980 4001 1073 4095 effe,
1109 4004 1228 4095 quiin
1246 4002 1402 4096 patrone

332 4121 485 4201 Domini
497 4121 771 4220 resurrexerint,
795 4120 833 4209 se
849 4122 1048 4200 existimare
1067 4120 1225 4197 declarat
1236 4125 1281 4333 {n
1299 4121 1350 4197 Ps.
1367 4136 1401 4199 2.

467 4259 471 4263 ·
1138 4254 1145 4267 ··
1266 4241 1361 4310 aad.
