3317 4900
309 454 381 532 162
597 448 673 528 .S.
724 383 1034 536 Hirt't'tlrrr
1188 471 1200 482 ·

310 613 372 692 sed
387 613 449 688 ubi
459 610 537 687 hec
551 611 671 686 omnia
680 612 1045 687 oeternaedrmottioni
1058 615 1218 690 obnoxia
1229 615 1300 691 esse
1315 635 1381 692 co·

310 716 463 814 movit,
501 713 654 808 cognitis
669 713 723 786 his
739 709 935 786 confitetur
954 733 1127 789 errorem.
1191 715 1380 793 Conseffio

312 829 432 890 autem
449 814 605 902 erroris,
630 811 798 904 proseffio
814 810 865 886 est
892 813 1080 888 desinendi.
1134 813 1376 896 Desmendum

228 907 230 912 ’
311 933 402 1088 :tu
419 926 613 1086 ‘cuttu
628 909 1377 1107 {sistristtutrtrtuti‘tt

368 1069 377 1088 ι
971 1064 984 1105 ,
1362 1057 1377 1076 ·

311 1111 463 1212 gonrit,
488 1131 557 1186 nec
573 1113 757 1207 cognitum
776 1108 984 1186 confitetur.
1051 1171 1054 1176 .

321 1263 325 1290 ;
415 1234 450 1301 4.
478 1207 735 1284 Confitendum
765 1225 883 1285 autem
907 1209 1135 1304 semperiestt
1169 1231 1246 1286 non
1276 1213 1377 1306 quod

312 1311 534 1408 peccandum
560 1306 695 1404 semper
712 1309 775 1404 sit,
803 1324 845 1382 ut
860 1308 997 1404 senper
1012 1307 1282 1401 confitentium
1317 1312 1377 1387 sed

312 1411 395 1504 quia
412 1411 553 1503 peccati
574 1411 707 1482 veteris
725 1408 760 1481 δι
780 1410 917 1501 antiqui
933 1410 1029 1483 utilis
1043 1411 1086 1485 stt
1101 1409 1270 1486 indefessa
1286 1433 1377 1486 cous

312 1509 447 1586 sessim
486 1507 609 1580 Docet
627 1520 745 1582 autem
769 1503 920 1600 spiritus
943 1508 1079 1584 sanctur
1100 1507 1236 1603 semper
1259 1509 1379 1585 conti·

313 1610 478 1699 tendum,
505 1627 586 1681 cum
602 1610 652 1680 rit
671 1627 735 1700 per
754 1605 988 1700 Prophettm:
1013 1607 1132 1705 Justus
1149 1608 1221 1702 ipse
1236 1610 1298 1684 fibi
1318 1633 1376 1684 ae·

312 1705 456 1782 eusator
472 1705 523 1780 est
541 1710 576 1781 io
598 1709 715 1800 primo
733 1705 901 1782 sermone
911 1705 987 1782 suo.
1043 1707 1161 1800 Justui
1177 1729 1252 1782 non
1276 1708 1311 1785 se
1327 1733 1375 1786 cx

310 1805 562 1904 presentibus,
588 1804 647 1880 sed
664 1827 709 1880 cx
727 1807 914 1898 preteritis
934 1805 1093 1880 rccusrt:
1125 1808 1183 1880 cui
1199 1810 1295 1884 enim
1314 1812 1378 1884 rd-

312 1902 364 1982 cst
384 1904 605 2000 presentium
627 1904 824 1995 accusatio,
846 1903 927 1996 justi
948 1926 1082 1980 nomen
1099 1907 1271 1984 aufertur.
1323 1907 1374 1984 Et

312 2005 493 2080 audiamus
514 2002 551 2078 se
565 2004 781 2099 Apostolum
800 2002 947 2080 Paulum
960 2026 1004 2078 ex
1020 2008 1207 2098 prmtctitis
1224 2029 1376 2103 arguen-

310 2117 407 2198 tem,
434 2124 514 2179 curo
532 2105 598 2177 ait:
625 2104 720 2200 Quia
740 2123 815 2176 non
834 2099 908 2178 sum
925 2107 1052 2201 dignus
1069 2108 1194 2178 vocari
1212 2107 1375 2199 Aposto-

312 2205 391 2296 lus,
429 2203 703 2297 propterquod
731 2202 942 2295 persecutor
974 2202 1048 2279 sum
1072 2201 1263 2280 Ecclesiam
1291 2207 1373 2284 oei.

312 2303 439 2378 Gtrtio
455 2315 573 2377 autem
586 2300 655 2375 Dei
669 2301 741 2376 sum
754 2302 805 2394 id,
830 2301 1023 2396 quodsum.
1055 2303 1373 2395 necesturajmti

308 2405 380 2477 viri
398 2421 484 2477 vert
501 2399 695 2494 confessio,
727 2423 804 2494 quae
815 2401 983 2495 iustitiam
1005 2401 1208 2496 presentem
1224 2426 1271 2476 ex
1287 2425 1373 2500 pter

309 2505 501 2590 teritorum
521 2501 1010 2578 conscientiauconfeffione
1019 2503 1259 2578 commendat.
1313 2504 1373 2581 At

310 2622 415 2695 quam
440 2603 474 2677 ἃ
496 2602 579 2677 alibi·
597 2622 661 2694 per
680 2600 898 2694 Prophetom
912 2622 1119 2677 monemurt
1157 2601 1369 2697 Confitere,

308 2702 448 2792 inquit,
478 2716 710 2793 peccaretur
731 2704 854 2799 prior,
887 2716 929 2774 ut
946 2699 1165 2794 justificeris:
1203 2702 1263 2776 Au
1279 2705 1373 2778 huot

308 2819 399 2894 ugo
416 2799 672 2877 conseffionem
686 2803 722 2873 in
735 2799 872 2875 Psalmo
882 2821 1075 2877 vocamur:
1100 2805 1372 2898 quoniambonum

305 2907 461 2999 qnoniam
470 2907 514 2969 in
521 2900 658 2988 [ursuni
673 2901 882 2987 misericordia
897 2904 977 2997 ejus:
1005 2901 1229 2975 confeffionis
1239 2901 1373 2974 nostrae

306 3000 405 3075 hunc
428 2999 642 3091 impensiore
665 3001 817 3073 maxime
841 2997 912 3074 side
930 3002 1167 3092 invocantes,
1203 2999 1284 3091 quia
1307 3000 1370 3073 cui

307 3096 548 3273 {eonfitemum
588 3098 621 3172 δι
644 3101 762 3173 bonus
781 3097 865 3192 est‚'
891 3096 1060 3174 &nescit
1082 3098 1281 3174 misericors
1300 3098 1374 3173 esse

356 3199 479 3277 sinere.

408 3320 444 3389 s.
468 3297 754 3388 Confiteminilieo
763 3298 922 3369 Deorum
945 3298 1371 3394 quonirminseculamisrri·

306 3397 493 3495 ordiamur.
514 3396 616 3469 'Utin
625 3393 832 3491 Evangeliir
840 3394 1071 3490 responsione
1081 3396 1281 3472 Domioi'rd
1290 3397 1371 3473 Soti

307 3495 451 3569 ducaeos
472 3494 666 3586 docemur,
693 3516 768 3567 non
789 3493 841 3568 est
855 3495 955 3570 Deus
971 3511 1214 3588 mortuorum,
1242 3497 1302 3569 sed
1318 3497 1371 3570 vi·

305 3612 456 3669 vorum:
483 3614 547 3689 per
569 3611 674 3685 quem
690 3593 723 3666 ἃ
740 3593 869 3673 dicium
887 3593 955 3667 est:
981 3595 1059 3692 Ego
1080 3597 1167 3687 dixi,
1193 3595 1254 3669 Dii
1274 3596 1371 3690 estio,

306 3693 341 3767 ἅ
358 3693 422 3768 filii
439 3690 577 3769 Excelst
593 3713 731 3768 omnes.
781 3693 872 3767 Non
891 3695 1054 3791 dignatur
1070 3695 1173 3772 Deus
1191 3693 1372 3789 corrupti·
1452 3703 1454 3709 ‘

304 3792 429 3867 bilium
452 3792 485 3867 ἁ
504 3802 730 3869 mortuorum
748 3792 849 3866 Deur
868 3792 954 3866 esse:
988 3793 1046 3866 sed
1063 3815 1214 3888 eorum,
1249 3797 1309 3887 qui
1328 3796 1368 3865 in

304 3892 480 3968 coelestem
496 3891 944 3990 glorirmtraossormrndi,
971 3893 1070 3966 exuti
1081 3909 1210 3968 vetere
1219 3894 1369 3969 homine

302 4003 477 4084 terreno,
503 4011 668 4073 novum,
703 3993 761 4083 qui
780 3994 816 4064 in
835 3994 931 4064 coelis
947 3993 1164 4084 induerunt,
1197 3997 1257 4087 qui
1275 4012 1369 4064 con-

300 4089 438 4167 former
450 4104 557 4189 eruut
575 4091 857 4197 corporigloriae
870 4092 951 4167 Dei.
1002 4087 1374 4187 EtDeoshoseffici,

271 4234 397 4344 {⁹
691 4252 703 4263 ”
955 4250 1017 4261 ’“
1107 4246 1116 4259 ’
1224 4194 1320 4283 ¹³⁰⁰*
