3317 4900
307 415 370 556 '70
623 447 1060 530 Annourrro

603 746 639 828 A
665 749 702 828 D
728 748 772 829 M
798 749 834 826 Ο
860 748 899 829 Ν
923 747 1001 829 ΙΤ
1027 747 1044 828 Ι
1070 748 1107 824 O

368 924 417 986 ru
434 919 656 1004 -onrnoun
682 877 959 980 anscausus
983 920 1348 998 surrepunnsns.

268 1131 271 1136 ·
401 1101 555 1182 radatur
573 1100 759 1193 proximus
777 1098 901 1175 demto
921 1099 1099 1187 exordio,
1124 1120 1289 1180 necnon
1311 1119 1399 1193 qua.

426 1217 511 1277 tuor
539 1199 792 1294 subsequentes
819 1199 891 1271 toti
922 1213 1050 1277 extant
1079 1202 1174 1279 inter
1201 1201 1397 1282 Sermones

226 1307 231 1330 ¹
328 1301 436 1384 sandi
450 1303 614 1384 Zenonis
626 1297 848 1376 Veronensis
860 1298 1203 1396 nominevngatos:
1230 1302 1397 1393 adeoque

325 1397 1041 1494 deeorumaudorenonnulliambigunn
1068 1400 1401 1490 quosinterTheo

329 1505 450 1605 philus
467 1500 673 1578 Rainaudus
686 1497 848 1576 Erotem.
864 1497 908 1577 de
927 1499 1032 1578 bonis
1044 1520 1085 1578 ac
1099 1501 1197 1578 malis
1207 1502 1305 1578 libris
1315 1524 1398 1599 pag.

332 1626 415 1694 142.
431 1602 498 1680 aii:
536 1593 721 1700 Eridano
748 1599 828 1687 Psoi.
853 1620 938 1699 127:
951 1625 1018 1698 qua
1036 1603 1118 1697 np'ud
1130 1599 1280 1690 senilem
1298 1605 1398 1678 Hira·

328 1707 414 1782 rium
440 1703 572 1796 legitur,
611 1703 735 1780 hanni
757 1700 928 1795 Veromnss
944 1702 984 1773 ab
997 1700 1073 1778 aliis
1086 1703 1297 1790 adscribitur,
1333 1702 1399 1782 ubi

330 1804 366 1883 dr
383 1804 466 1879 alias
487 1823 634 1900 quoque
654 1801 900 1877 enarrationes
917 1820 992 1876 non
1009 1799 1168 1900 advertit
1184 1804 1329 1896 utrique
1339 1803 1401 1880 ad·

329 1901 490 1996 scriptas.
540 1902 702 2001 Raphael
716 1900 847 1996 Bagata
860 1897 1145 1979 Traiiatusillou
1158 1901 1301 1985 Zenoni
1316 1900 1401 1982 satis

331 2001 479 2082 affertos
496 2015 600 2098 putat
620 1998 971 2094 exscripsimus,
1010 2021 1084 2093 quo
1105 1998 1185 2079 usus
1207 2000 1276 2089 est,
1310 2004 1401 2079 anti·

332 2105 482 2196 quitate.
539 2100 708 2179 Ceterum
733 2102 776 2176 ab
797 2099 872 2174 aliis
894 2098 1129 2178 sermonibus
1150 2101 1233 2176 stilo
1247 2123 1312 2186 eos
1331 2102 1401 2174 dis·

331 2197 764 2300 creparenoninfrciatur.
816 2198 1203 2297 Nequenosnegamus
1215 2205 1399 2292 antiquam

330 2301 401 2385 effe
417 2304 510 2378 iliam
526 2301 687 2380 Zenonis
699 2300 912 2375 Sermonum
928 2300 1191 2380 colieeiionem.
1242 2302 1349 2379 Hane
1361 2304 1400 2382 in

330 2402 474 2489 codice,
501 2422 607 2497 quem
625 2401 840 2478 Hincmarus
855 2399 1038 2480 Remensrs
1051 2398 1250 2499 Episcopus
1268 2402 1403 2478 biblio.

331 2504 447 2583 thece
462 2499 567 2579 sandi
586 2501 738 2597 Remigii
755 2501 856 2577 dono
873 2502 991 2592 dedit,
1019 2501 1173 2580 vidimus
1193 2502 1285 2575 duos
1303 2503 1339 2579 in
1358 2503 1402 2581 liv

330 2606 420 2679 bros
443 2601 686 2693 distributam,
720 2602 848 2692 quibus
868 2603 1112 2693 praemissionis
1145 2605 1254 2675 Sermo
1266 2627 1403 2679 neaera.

330 2703 404 2777 iilis
427 2705 579 2778 cornuti
602 2705 735 2775 Noram·
757 2704 792 2771 de
810 2706 883 2775 uita
897 2701 1007 2789 firniii
1029 2703 1170 2800 Episcopi
1186 2701 1224 2779 (J
1244 2701 1402 2795 Confaffe·

331 2810 378 2875 ris
404 2802 555 2879 hannis.
605 2797 663 2876 Eo
683 2801 718 2874 in
738 2801 913 2877 Sermone
931 2803 1142 2893 predicatur
1165 2802 1303 2899 Zenoa
1328 2825 1407 2879 ma.

330 2903 396 2979 tris
419 2916 526 2978 utero
541 2896 787 2989 sandiiicatus,
814 2923 855 2978 ae
873 2901 1101 2994 postmodum
1117 2901 1240 2981 Pastor
1256 2902 1401 2979 ordina·

332 3015 391 3079 tus
408 3001 445 3077 in
461 2998 677 3078 monasterio
696 2999 840 3095 degiffe‚
868 3002 1229 3091 doneclmperatoris
1246 3003 1401 3082 Gallieni

329 3098 422 3200 juisu
445 3101 628 3190 quaesitus,
655 3112 695 3171 ut
711 3103 852 3175 unicam
870 3096 977 3174 filiam
998 3123 1016 3178 a
1036 3101 1201 3181 daemone
1216 3106 1399 3196 liberaret,

332 3202 521 3279 Veronam
548 3200 819 3305 ingredeiegun
858 3201 919 3273 ubi
934 3225 999 3273 non
1020 3203 1117 3274 multo
1131 3204 1194 3300 pofl
1209 3220 1345 3300 receptus
1364 3209 1403 3278 in

330 3321 404 3404 pace
423 3299 480 3395 ost,
505 3320 547 3376 ae
562 3300 691 3378 deinde
709 3301 833 3395 basilico
847 3305 883 3372 in
901 3302 1047 3372 honorem
1067 3307 1143 3390 Dei,
1161 3302 1208 3384 ’ὕ
1223 3306 1313 3402 ipsius
1323 3304 1404 3388 son·

331 3400 376 3477 ur
405 3401 582 3473 sacerdon
609 3399 702 3477 haud
726 3401 892 3493 procula
914 3399 1031 3478 fluvio
1050 3401 1211 3494 Athesis,
1246 3408 1404 3479 ubinam

328 3499 477 3599 finolam
491 3499 704 3594 r'pfiureorpur
721 3500 897 3596 requiescit,
924 3500 1158 3597 construiiaeli.
1209 3500 1403 3578 HuncCo·

332 3603 453 3680 ronati
469 3599 678 3679 Sermonem
695 3590 832 3696 exeipit.
850 3600 909 3677 hie
927 3604 1071 3675 tituluss
1102 3594 1276 3682 Trae‘iarus
1290 3600 1404 3690 saniir·

339 3702 480 3780 &nonis
503 3701 687 3794 Versmnsss
707 3702 858 3796 Episcopi.
908 3699 1003 3777 Tum
1018 3698 1173 3792 sequitur
1189 3701 1300 3777 index
1313 3701 1348 3773 T
1350 3723 1404 3780 ra·

336 3798 518 3891 ossuum,
544 3801 619 3896 qui,
645 3802 698 3877 uti
720 3801 888 3890 diximus,
913 3801 950 3872 in
970 3800 1060 3875 duos
1078 3802 1207 3893 libros,
1233 3823 1274 3879 ac
1293 3804 1413 3894 longe¹

336 3902 407 3979 alio
433 3899 577 3993 ordine,
604 3921 708 3992 quarn
728 3901 764 3973 in
776 3898 1000 3973 Bibliotheca
1015 3899 1156 3977 Parrum
1170 3917 1309 3991 extant,
1335 3901 1405 3975 dis·

237 4076 241 4085 ,
336 4001 461 4097 tributi
481 3996 571 4079 stunt.
625 4000 691 4076 His
706 4001 827 4073 obiter
843 3999 1105 4083 animadversis,
1130 4000 1270 4078 difficile
1283 4000 1406 4077 admo·

338 4100 422 4180 duro
442 4119 519 4178 non
545 4098 596 4180 est
614 4100 878 4207 demonstrare,
916 4099 1106 4199 preditos
1120 4100 1307 4181 Trauarus
1326 4119 1405 4179 nou

1308 4221 1354 4278 ex
1412 4242 1419 4263 =
