3317 4900
284 471 387 592 '¹54
617 447 710 572 VS,
760 429 1062 548 Hrtrr‘itrr

341 642 449 728 tiens,
477 633 510 710 e
528 631 572 709 ad
583 631 635 707 rei
651 621 1114 728 uniuscujusque-judicium
1131 628 1194 705 suo
1211 642 1316 708 motu
1329 630 1407 707 seir·

342 735 745 831 suquesepermovens:
772 733 869 824 quod
880 730 1071 806 effehomo
1082 733 1306 830 intelligitur,
1331 734 1409 805 lau·

263 909 266 916 ,
342 840 453 930 dans,
488 834 639 928 uidens,
672 834 824 925 timens,
856 832 1046 927 plaudens,
1075 833 1249 927 judicans.
1316 833 1409 907 Haee

344 941 439 1014 enim
461 912 623 1032 humanae
645 931 844 1006 effodionis
871 949 1002 1028 genera
1025 932 1062 1004 in
1086 934 1183 1025 aquis
1205 929 1274 1006 effe
1289 929 1408 1006 sermo

343 1035 581 1137 propheticus
610 1033 739 1106 edidit:
779 1037 932 1122 quorum
963 1032 1044 1123 quia
1071 1033 1108 1106 in
1143 1053 1249 1123 aquas
1280 1048 1410 1107 natura

345 1159 423 1213 non
445 1133 643 1219 convenit,
681 1153 748 1204 nec
770 1130 957 1224 Propheta·
975 1131 1020 1203 de
1038 1133 1135 1223 aquis
1154 1132 1304 1219 dixerit,
1339 1153 1409 1205 nec

346 1259 416 1314 nos
436 1237 480 1310 de
506 1236 602 1325 aquis
625 1230 754 1305 ditium
779 1231 1026 1326 intelligamus.
1076 1231 1163 1304 Haec
1179 1248 1408 1326 propterea,

349 1358 428 1429 quo
453 1336 490 1407 in
521 1328 682 1428 praesenti
708 1329 846 1405 Psalmo
871 1330 971 1424 sunt,
1008 1329 1187 1405 retraiiari
1211 1332 1410 1425 convenit,

292 1517 298 1532 χ
348 1459 426 1532 quae
444 1429 631 1508 talia'sunt.

299 1533 301 1540 ’
452 1557 485 1607 2.
511 1535 581 1624 Qui
598 1532 760 1622 confidunt
776 1534 814 1601 in
835 1534 995 1620 Domino,
1013 1530 1097 1627 ficut
1113 1555 1201 1601 mom
1217 1533 1317 1621 Sion,
1344 1555 1413 1604 non

348 1632 800 1717 commovebiturinarernum
826 1631 1066 1725 quihobitatiu
1081 1630 1269 1727 Jerusalem.
1312 1637 1413 1702 Mon*

350 1753 397 1820 tes
413 1740 450 1806 io
462 1737 597 1803 circuitu
611 1736 691 1828 ejus.
744 1731 891 1804 Nomen
907 1729 1040 1804 montis
1055 1731 1155 1822 Sion,
1183 1730 1216 1802 dt
1234 1732 1413 1805 habitatio

350 1830 562 1931 Jerusalem,
589 1831 774 1907 &montis
794 1833 927 1903 circum
946 1849 1042 1922 eam,
1069 1830 1094 1903 sr
1113 1830 1244 1904 nullam
1263 1832 1414 1904 interio-

350 1935 400 2008 ris
426 1931 670 2027 intelligentia
692 1933 825 2004 habent
849 1927 1004 2020 causam,
1036 1930 1149 2003 inanis
1170 1927 1221 2003 est
1236 1927 1414 2026 Psalmus,

354 2032 389 2107 o
408 2031 557 2105 mendax
575 2029 776 2124 Propheta,
801 2029 838 2100 in
856 2049 928 2120 quo
943 2028 1093 2119 Spiritus
1110 2029 1415 2104 Sanuusrocutus

352 2130 423 2207 esse
444 2129 618 2204 credatur.
670 2126 730 2200 Est
743 2129 834 2201 enim
851 2149 956 2201 mons
972 2129 1058 2201 Sion
1074 2130 1212 2202 civitati
1224 2128 1416 2225 Jerusalem

352 2231 557 2310 imminens:
584 2227 634 2301 est
652 2229 772 2302 eadem
790 2228 940 2317 civitas,
968 2230 1062 2301 circa
1078 2244 1179 2319 quarn
1196 2228 1416 2303 extrinsecus

353 2334 473 2430 plures
498 2327 577 2402 sunt
595 2343 750 2403 montes.
803 2330 877 2426 Qui
896 2348 983 2423 ergo
1003 2325 1152 2401 confidit
1170 2330 1205 2401 in
1226 2329 1413 2420 Domino,

220 2409 221 2414 Ἰ
269 2429 271 2434 ’
355 2452 460 2523 quem
490 2426 690 2521 profedium
717 2428 882 2515 habebit,
918 2443 958 2499 ut
987 2427 1028 2502 srt
1056 2428 1154 2502 ircuti
1172 2449 1276 2502 mons
1295 2428 1415 2502 Sion?

353 2528 412 2605 Ex
429 2529 631 2601 rationabili
649 2530 794 2601 homine
816 2522 897 2599 fieri
914 2527 1053 2616 saxum,
1088 2532 1272 2620 arborem,
1307 2529 1416 2624 cespi-

247 2655 249 2659 ·
354 2643 447 2714 tem,
475 2629 508 2700 dt
527 2629 570 2700 de
589 2642 714 2699 natura
736 2629 872 2698 animali
893 2629 927 2699 in
945 2643 1105 2701 naturam
1124 2630 1347 2702 inanimalem
1362 2650 1416 2701 re·

355 2726 469 2806 ferri‘i
495 2728 570 2820 Jam
589 2748 683 2799 vero
703 2728 889 2817 quomodo
911 2726 1023 2799 fideiis
1046 2729 1103 2800 hic
1123 2728 1237 2803 sermo
1255 2730 1309 2819 iit,
1337 2749 1414 2801 non

355 2827 662 2901 commovendum
683 2849 762 2899 eum
786 2829 822 2898 in
842 2843 1032 2916 aeternum,
1066 2829 1124 2919 qui
1147 2830 1284 2901 habitet
1301 2830 1337 2899 in
1357 2829 1416 2922 Je-

354 2923 532 2997 rusalem?
559 2924 1416 3019 NumquidJerusatemipsasanoifieationemha·

297 3046 301 3071 ¹
354 3025 552 3099 bitantibus
578 3023 767 3113 offerebat,
807 3040 848 3098 ut
871 3026 1047 3097 habitatio
1070 3028 1143 3117 ejus
1164 3025 1309 3100 firmitas
1331 3025 1417 3099 effet

251 3146 280 3193 .‘
352 3132 507 3197 'aeternaz
535 3126 726 3198 cumillinc
748 3122 912 3220 sacrilega
930 3126 1042 3197 caedes
1059 3126 1340 3219 Prophetarum,
1364 3126 1417 3218 ju·

358 3224 489 3295 dicium
512 3226 637 3298 mortis
656 3225 691 3296 in
712 3225 850 3312 Deum,
888 3222 969 3319 fuga
988 3222 1271 3318 Apostolorum,
1300 3228 1417 3297 crucis

225 3302 229 3311 ⁵
356 3320 556 3399 scandalum
580 3321 646 3396 srti
686 3323 896 3396 Habitantes
920 3339 1037 3397 autem
1057 3324 1092 3395 in
1112 3347 1153 3398 ea
1172 3328 1340 3414 quotiens
1364 3347 1418 3397 ea·

309 3495 312 3501 ,
355 3422 470 3517 ptivi‚
498 3424 664 3513 quotiens
681 3422 859 3514 peremti?
885 3423 943 3494 Ad
964 3425 1125 3497 ultimum
1147 3426 1230 3495 urbs
1249 3420 1320 3517 ipsa
1339 3424 1419 3498 fun·

357 3520 452 3596 ditus
477 3521 592 3593 diruta
613 3520 685 3611 est,
720 3524 829 3613 &qui
848 3521 1036 3594 vastationi
1058 3526 1132 3614 ejus
1147 3523 1273 3595 residui
1293 3538 1417 3614 erant,

358 3621 453 3712 capti
473 3633 579 3712 atque
592 3619 734 3712 dispersi
750 3621 845 3692 sunt:
875 3622 1054 3715 Propheta
1068 3624 1139 3695 hoc
1156 3623 1329 3716 impietati
1344 3624 1418 3715 ejus

357 3721 536 3793 excidium
558 3732 661 3821 antea
682 3719 732 3792 ita
749 3723 959 3793 nuntiante:
993 3720 1108 3793 Terra
1124 3721 1241 3795 vestra
1260 3720 1417 3813 deserta,

358 3821 525 3891 ciuitates
544 3817 670 3894 vestrae
683 3819 754 3913 igni
772 3837 1029 3902 concremate,
1061 3822 1245 3917 regionem
1266 3820 1418 3897 vestram

356 3916 393 3991 in
412 3916 603 4008 conspeetu
623 3917 744 3991 vestro
762 3922 877 3993 exteri
892 3922 1105 4012 comedent,
1135 3922 1167 3994 dt
1185 3921 1357 4004 desolata,
1385 3919 1419 3991 a:

230 4072 232 4077 -
356 4015 524 4091 subversa
541 4037 559 4091 a
578 4019 722 4112 populis
738 4021 916 4093 extraneis
936 4021 1204 4112 derelinquetur
1219 4019 1287 4094 iilia
1305 4019 1419 4114 Sion,

357 4130 399 4189 ut
424 4117 695 4223 tabernaculum
715 4121 752 4194 in
775 4121 902 4215 vinea,
940 4121 973 4194 ἀ
998 4119 1088 4193 srcut
1111 4120 1187 4197 casa
1208 4119 1422 4232 custodiaria

475 4234 480 4242 ·
1334 4241 1369 4293 m
