3317 4900
626 469 664 548 S.
713 469 1022 548 Hanania

309 631 1375 670 *mm

612 789 882 869 CAPUT
932 790 1049 871 v111.

305 971 358 1058 De
372 972 532 1073 discipulis
549 978 587 1046 in
602 978 687 1047 nevi
700 972 915 1045 excitantibus
933 970 1056 1072 Jescnt,
1079 976 1117 1048 dt
1127 974 1253 1047 duabus
1270 975 1378 1049 tm

353 1085 456 1152 urceis
474 1084 513 1149 in
528 1092 616 1148 tetta
636 1073 885 1166 Gerasenorum,
910 1074 946 1146 de
958 1079 1131 1172 paralytice
1148 1092 1271 1149 curata
1289 1074 1331 1154 ὅ

671 1174 786 1247 sessum
812 1173 990 1267 auferente.

305 1348 340 1409 1.
420 1325 630 1416 tescendmte
649 1348 680 1394 ee
700 1328 738 1395 iet
750 1324 953 1430 nauiculam,
977 1325 1081 1416 sueti
1089 1323 1178 1416 sent
1194 1349 1273 1398 eum
1292 1324 1377 1417 disci·

274 1419 278 1429 ’
331 1513 342 1526 ο
439 1429 525 1524 puli.
587 1423 633 1495 Et
651 1449 713 1495 ecce
732 1424 886 1522 tempestat
910 1450 1021 1519 magna
1031 1422 1125 1520 fasir
1147 1426 1192 1521 est
1216 1433 1259 1498 in
1279 1430 1375 1514 muti,

303 1527 339 1603 dt
360 1529 506 1618 reliqua.
564 1522 708 1597 Navem
737 1523 913 1620 discipulis
937 1524 1157 1624 introgressis
1179 1527 1375 1621 tempestas

236 1667 239 1675 ·
302 1629 443 1717 oritur,
482 1643 577 1698 mare
606 1637 885 1716 commovetur,
924 1627 1137 1721 navigantes
1166 1629 1373 1700 turbantur.

300 1725 379 1822 lpse
399 1744 491 1796 vero
515 1720 642 1796 somno
663 1722 872 1815 consopitus
895 1725 1094 1800 timentium
1117 1743 1226 1799 metu
1246 1729 1374 1801 excita·

303 1837 377 1917 tur,
404 1837 542 1913 oratur,
568 1838 609 1896 ut
622 1836 729 1915 'opem
741 1821 878 1898 afferat.
931 1823 981 1896 Et
991 1825 1179 1915 increpitis
1190 1826 1254 1920 iis,
1284 1824 1372 1919 quod

301 1925 454 2002 modicae
468 1921 580 1996 essent
594 1921 692 2004 fidei,
716 1936 831 1996 vento
849 1922 980 1996 &mari
998 1926 1308 2015 tranquillitatem
1321 1929 1373 1999 im·

301 2025 468 2122 peravit,
501 2043 581 2097 cum
612 2023 846 2096 admiratione
874 2022 1060 2099 hominum
1080 2030 1286 2119 praeceptis
1307 2028 1377 2119 ejus.

302 2138 455 2198 ventum
474 2122 508 2194 u
524 2140 620 2195 mare
637 2119 805 2193 obedisse.
862 2120 975 2217 Igitur
994 2121 1191 2197 secundum
1217 2126 1304 2220 haec
1326 2144 1372 2197 ec·

302 2224 438 2316 elesius,
463 2224 474 2293 i
536 2241 656 2313 aquas
676 2221 827 2294 verbum
843 2218 914 2293 Dei
929 2243 1005 2297 non
1025 2223 1272 2318 vigilaverit,
1299 2244 1372 2298 nau·

301 2319 410 2422 fraga
427 2238 623 2402 sumnum
640 2322 737 2412 quod
759 2318 917 2394 Christus
933 2323 969 2395 in
985 2320 1150 2397 somnum
1169 2326 1367 2414 relaxetur,

301 2421 362 2499 sed
387 2422 484 2516 quo‘d
510 2418 636 2494 somno
662 2418 787 2493 nostro
806 2419 1037 2514 consopiatur
1053 2424 1089 2495 in
1106 2425 1239 2501 nobis.
1304 2424 1369 2498 Mt·

302 2525 399 2598 xime
417 2536 535 2596 autem
550 2520 635 2593 illud
651 2520 801 2611 accidit,
828 2533 870 2592 ut
889 2541 908 2592 a
922 2523 1006 2596 Deo
1022 2524 1209 2617 precipue
1233 2526 1277 2598 in
1293 2526 1369 2620 peri·

303 2625 375 2698 culi
392 2638 491 2696 metu
509 2622 541 2693 u
557 2622 753 2693 vexatione
768 2619 958 2713 speremus.
1011 2622 1134 2714 Atque
1153 2626 1305 2699 utinam
1320 2625 1368 2697 uel

302 2720 381 2815 spes
395 2720 468 2794 sera
483 2718 644 2792 confidat
657 2718 727 2790 sese
745 2721 940 2812 periculum
955 2720 1053 2814 polle
1069 2723 1254 2819 evadere,
1282 2724 1370 2798 Chri·

302 2818 344 2897 sti
362 2822 453 2892 intra
470 2821 503 2892 se
520 2823 657 2890 virtute
677 2822 858 2918 vigilante.
926 2821 1138 2912 Perpetuam
1162 2840 1296 2898 autem
1316 2845 1369 2898 no·

302 2922 358 2995 bis
378 2921 639 3012 objurgationis
656 2917 720 2989 suae
740 2919 1030 2993 recordationem
1047 2923 1213 3015 reliquit,
1244 2927 1370 2999 dicens:

302 3024 439 3094 Medica
449 3020 538 3108 fidei,
564 3023 639 3115 qued
655 3022 763 3087 timidi
780 3020 869 3114 estis?
896 3018 1036 3092 Merum
1049 3018 1369 3098 scilicetmotuun
1422 3059 1426 3067 ·

302 3119 531 3209 secularium,
560 3139 639 3190 cum
661 3119 788 3208 quibus
803 3116 930 3191 Christi
944 3114 1032 3192 fides
1049 3121 1206 3215 vigilet,
1239 3128 1369 3198 nullum

303 3219 376 3294 effe
391 3233 577 3313 oportere.

405 3342 437 3393 2.
464 3314 703 3408 Consequitur
713 3316 1034 3392 deindehominum
1047 3315 1247 3396 admiratio
1262 3326 1367 3399 dicen

302 3420 411 3493 tium:
446 3421 566 3511 Qualis
586 3419 637 3485 stit
660 3421 748 3486 homo
767 3419 823 3512 ess,
851 3421 928 3513 quod
944 3423 1041 3486 uenti
1058 3416 1095 3491 (7
1117 3443 1210 3491 marc
1230 3427 1367 3496 obediunt

302 3516 353 3590 eis
390 3517 479 3591 Non
507 3514 758 3611 discipulorum
779 3517 839 3588 hic
862 3514 995 3600 sermo,
1030 3517 1088 3589 sed
1118 3525 1297 3613 gentium
1319 3521 1367 3597 eu.

302 3617 398 3693 Nam
417 3637 498 3690 cum
518 3617 674 3708 superius
692 3615 930 3709 &discipulos
949 3629 1087 3689 tantum
1102 3638 1248 3696 navem
1267 3627 1367 3699 intro·

302 3717 384 3808 ille,
423 3717 457 3788 &
479 3738 498 3789 a
521 3714 696 3807 discipulis
725 3728 862 3788 tantum
887 3717 1081 3789 excitatum
1107 3716 1180 3791 esse
1206 3723 1363 3805 dixissett

300 3838 398 3891 nunc
427 3815 617 3888 admiratos
647 3813 715 3886 elle
740 3816 902 3886 homines
929 3809 1118 3909 significat,
1160 3818 1364 3896 hominibus

301 3913 485 3990 ho'minem
504 3915 538 3987 in
556 3912 626 4007 ipsa
641 3915 874 3987 admiratione
892 3916 1103 3987 dicentibus.
1160 3920 1252 4016 Qua
1265 3921 1364 3997 nomi·

301 4036 387 4089 num
415 4012 653 4088 conversione
678 4015 908 4108 intelligitur,
947 4015 1065 4086 omnia
1081 4033 1197 4106 opera
1219 4019 1364 4108 Christi,

302 4133 500 4207 omnesque
527 4114 603 4206 ejus
623 4115 776 4188 virtutes
799 4127 841 4186 ut
858 4113 928 4187 Dei
951 4110 1020 4187 elle
1039 4115 1260 4194 laudandas:
1296 4122 1364 4215 quia

1248 4224 1323 4314 Piis
