3317 4900
334 455 409 534 wo
678 431 715 510 ἃ
765 423 1072 510 Haueris

337 593 413 674 fille
428 605 602 671 naturam.
652 587 702 668 Et
722 605 825 666 extra
841 594 980 688 generis
995 591 1248 678 necessitatem,
1271 599 1410 675 volun·

319 697 423 771 'tatis
440 694 587 770 accessio
605 691 666 769 est.
716 694 806 770 Non
824 695 917 768 enim
934 708 1109 790 peccator
1128 694 1219 787 suit,
1242 693 1304 770 sed
1322 719 1409 791 pec-

339 811 420 872 cata
439 793 604 887 suscepit.
654 793 787 887 Neque
803 790 964 868 infirmus
984 796 1129 889 extitit,
1163 794 1222 869 sed
1238 801 1407 888 portavit

260 951 265 962 .
336 893 574 972 infirmitates.
624 892 701 988 lpse
715 897 823 985 enim,
849 891 1041 968 secundum
1060 893 1295 989 Prophetam‚
1320 919 1407 990 pec·

338 1011 419 1069 cata
435 993 556 1068 nostra
575 993 748 1086 suscepit,
780 990 1054 1068 &infirmitates
1068 994 1207 1068 nostras
1227 1001 1404 1088 portavit.

265 1181 268 1190 Ι
338 1091 390 1170 Et
412 1115 458 1168 ne
475 1094 559 1188 quid
576 1096 613 1168 in
633 1094 873 1186 impassibilem
888 1109 995 1187 atque
1009 1083 1300 1169 indemuiabilem
1314 1099 1404 1173 divi·

337 1199 488 1270 nitatem
508 1189 723 1268 infirmitatis
747 1193 907 1267 incidere
929 1193 1215 1288 existimaretur,
1255 1196 1404 1288 adjecit:

336 1292 389 1370 Et
413 1315 482 1368 nos
503 1295 714 1386 putabamus
738 1296 870 1366 eumin
891 1293 1078 1366 doloribus
1093 1292 1173 1369 effe.
1236 1293 1405 1390 Suscepit

339 1413 428 1490 crgo
445 1391 684 1484 infirmitates,
710 1393 913 1484 quiabotno
930 1391 1107 1482 nascitur3
1132 1399 1166 1466 tt
1179 1409 1328 1486 putatur
1341 1400 1405 1472 do·

280 1491 282 1496 ’
337 1496 435 1586 lere,
470 1494 550 1584 quin
568 1493 721 1586 patitur:
756 1506 856 1566 caret
876 1513 969 1565 vero
989 1494 1177 1566 doloribus
1196 1493 1292 1588 ipse,
1320 1498 1405 1589 quis

337 1593 440 1670 Deus
455 1591 517 1668 est.
568 1590 713 1665 Etcum
729 1591 919 1666 habitatin
936 1594 1063 1684 nobis,
1089 1610 1243 1684 cumque
1254 1592 1404 1673 infirmi·

338 1689 1403 1786 mmmfflmmMmmmmmmm

338 1813 416 1870 non
439 1793 562 1880 dolet;
597 1812 675 1866 non
695 1789 814 1884 potest
830 1813 907 1865 non
927 1790 1018 1884 else,
1057 1794 1116 1883 qui
1134 1793 1290 1886 habitat,
1326 1816 1403 1870 nec

337 1914 359 1970 a
380 1891 415 1966 se
432 1887 620 1984 defecisse,
652 1893 712 1984 qui
728 1892 892 1984 suscipit,
924 1911 994 1963 nec
1013 1894 1167 1965 abolitus
1185 1891 1283 1966 Deus
1303 1894 1403 1989 elle,

337 1993 398 2083 qui
415 2012 492 2068 non
511 1991 626 2068 dolet.
687 1988 737 2062 Et
756 1992 831 2063 baec
850 1991 992 2082 quidem
1014 2008 1167 2086 propter
1181 1989 1402 2085 ‚presentem

335 2089 507 2176 Psalmum
523 2103 803 2164 commemorata
820 2092 943 2183 paucis
957 2091 1050 2183 sunt,
1076 2094 1158 2183 quic
1175 2093 1321 2166 videtur
1335 2094 1401 2170 sta·
1436 2123 1442 2142 ¹

334 2181 402 2266 'tim
424 2213 469 2266 ex
487 2189 638 2284 persona
656 2190 812 2264 hominis
833 2189 990 2281 coepille:
1024 2213 1070 2263 ne
1089 2212 1153 2283 per
1171 2192 1267 2286 hoc,
1299 2194 1401 2286 quod

335 2304 515 2382 tunquam
534 2289 647 2364 horno
662 2291 845 2384 loquitur,
870 2288 1045 2366 decellilse
1064 2311 1109 2364 ex
1127 2305 1288 2386 paternae
1309 2295 1402 2370 divi·

285 2402 296 2424 ·
334 2392 457 2477 nitatis
472 2389 587 2488 glotis
601 2388 799 2463 videretur.

436 2517 473 2580 4.
497 2489 564 2563 Ait
583 2491 693 2564 enirn:
733 2494 888 2580 Domine,
918 2490 1136 2585 prolusisse,
1172 2490 1214 2568 (5
1230 2494 1402 2590 cognovisti

333 2617 393 2666 rue.
443 2589 663 2682 Apostolus,
700 2611 779 2664 cum
800 2612 868 2664 nos
888 2591 1069 2682 patientia)
1090 2592 1123 2663 δι
1144 2589 1215 2683 spei
1236 2592 1401 2667 dosirins

334 2691 511 2782 erudiret,
538 2691 604 2762 ait:
629 2686 834 2764 Tribulatio
854 2692 1060 2783 patientiam
1080 2692 1236 2784 perlicit,
1259 2695 1399 2784 patien.

334 2794 385 2865 tia
404 2805 521 2863 autem
540 2789 817 2886 probationem,
856 2792 1034 2884 probatio*
1049 2811 1142 2864 vero
1160 2790 1277 2885 spem,
1318 2792 1397 2885 spes

331 2909 426 2963 vero
451 2909 528 2961 non
557 2888 759 2964 confundit.
822 2887 872 2961 Et
893 2891 969 2962 haec
984 2891 1123 2981 quidem
1137 2892 1174 2964 in
1193 2890 1399 2967 santiorum

332 3008 558 3084 quorumque
584 2990 662 3059 vita
683 3002 791 3079 atque
811 2991 980 3080 operibus
1000 2989 1100 3062 fuisse
1123 2989 1400 3088 cognoscimus,

331 3104 375 3165 ut
395 3092 515 3162 multis
529 3086 742 3181 passionibus
760 3090 1122 3179 tribulationibusque
1139 3091 1282 3184 jastati,
1310 3112 1400 3184 pro·

331 3190 467 3265 babiles
491 3186 573 3260 Deo
595 3187 676 3261 fatti
699 3187 776 3264 bnt.
836 3188 975 3279 siquis
1000 3192 1092 3261 enirn
1117 3196 1258 3264 exulem
1275 3192 1399 3266 Abra·

331 3288 434 3381 ham,
461 3286 494 3359 bc
511 3288 548 3360 in
563 3302 662 3361 metu
677 3287 853 3382 parricidii
870 3289 902 3359 δι
922 3290 1129 3378 coelibatus,
1157 3292 1242 3363 &in
1258 3307 1397 3366 cetera·

329 3393 409 3462 r'um
429 3385 621 3481 pellionum
636 3387 770 3478 injuriis
783 3387 939 3461 mansisse
956 3385 1097 3461 fidelem
1118 3391 1254 3483 semper
1268 3394 1399 3467 merni-

328 3490 445 3575 nerit3
469 3485 591 3579 liquis
607 3485 726 3580 fugam
740 3487 876 3580 Jacob,
902 3487 1078 3579 &praetsr
1097 3489 1302 3564 aestivorum
1324 3494 1398 3566 die·

327 3608 407 3662 rum
425 3587 606 3676 laborem,
630 3585 855 3661 hibernarum
878 3587 1035 3660 nonium
1059 3591 1195 3684 uigilias
1216 3592 1253 3662 in
1275 3592 1399 3667 custo

329 3688 396 3763 diis
412 3688 538 3759 ovium
558 3686 789 3774 recordetur3
817 3686 841 3760 s1
858 3689 935 3780 quis
951 3688 1071 3779 Moysr
1089 3691 1322 3787 quadraginta
1337 3714 1397 3767 an·

326 3806 458 3863 norum
476 3784 702 3867 servitutem,
729 3786 763 3858 &
782 3787 818 3859 in
840 3806 886 3859 eo
905 3790 1032 3859 acerba
1048 3790 1161 3878 plebis
1178 3794 1396 3884 opprobria,

326 3886 555 3979 &magorum
570 3883 736 3957 adversus
745 3908 825 3960 eum
834 3888 1179 3978 aemulaspotestates
1190 3891 1392 3964 recenseat:

326 3986 502 4081 intelliget
532 4006 597 4059 eos
620 3985 792 4076 patientia
814 3987 849 4059 b
876 3986 1073 4060 constantia
1093 3987 1164 4082 spei
1187 3995 1391 4084 probatos,

326 4084 1110 4184 nonimmeritoidesseproemiiconsecutos,
1136 4093 1222 4165 utin
1235 4090 1395 4264 rslbrabla

557 4210 560 4217 ’
1255 4213 1342 4267 emt·
