<?xml version="1.0" encoding="UTF-8"?>
<!DOCTYPE html PUBLIC "-//W3C//DTD XHTML 1.0 Transitional//EN"
    "http://www.w3.org/TR/xhtml1/DTD/xhtml1-transitional.dtd">
<html xmlns="http://www.w3.org/1999/xhtml" xml:lang="en" lang="en">
 <head>
  <title>
</title>
<meta http-equiv="Content-Type" content="text/html;charset=utf-8" />
  <meta name='ocr-system' content='tesseract 3.04.00' />
  <meta name='ocr-capabilities' content='ocr_page ocr_carea ocr_par ocr_line ocrx_word'/>
</head>
<body>
  <div class='ocr_page' id='page_1' title='image "./operaomniasanct04librgoog_0217.png"; bbox 0 0 3317 4900; ppageno 0'>
   <div class='ocr_carea' id='block_1_1' title="bbox 406 406 1375 554">
    <p class='ocr_par' dir='ltr' id='par_1_1' title="bbox 406 406 1375 554">
     <span class='ocr_line' id='line_1_1' title="bbox 406 406 1375 554; baseline 0.003 -43"><span class='ocrx_word' id='word_1_1' title='bbox 406 427 694 511; x_wconf 72' lang='lat' dir='ltr'>Tenemus</span> <span class='ocrx_word' id='word_1_2' title='bbox 717 449 774 554; x_wconf 69' lang='lat'>¹⁸.</span> <span class='ocrx_word' id='word_1_3' title='bbox 796 406 980 509; x_wconf 73' lang='lat' dir='ltr'>&#39;cxxxi</span> <span class='ocrx_word' id='word_1_4' title='bbox 1005 423 1243 510; x_wconf 76' lang='lat' dir='ltr'>Pancn&#39;mr.</span> <span class='ocrx_word' id='word_1_5' title='bbox 1298 453 1375 548; x_wconf 21' lang='lat' dir='ltr'>rer-7.</span> 
     </span>
    </p>
   </div>
   <div class='ocr_carea' id='block_1_2' title="bbox 287 581 1445 4279">
    <p class='ocr_par' dir='ltr' id='par_1_2' title="bbox 292 581 1428 992">
     <span class='ocr_line' id='line_1_2' title="bbox 297 581 1366 693; baseline 0 -25"><span class='ocrx_word' id='word_1_6' title='bbox 297 581 611 693; x_wconf 77' lang='lat' dir='ltr'>pore&#39;unigenitus</span> <span class='ocrx_word' id='word_1_7' title='bbox 621 590 735 685; x_wconf 78' lang='lat' dir='ltr'>Deus,</span> <span class='ocrx_word' id='word_1_8' title='bbox 760 613 879 687; x_wconf 88' lang='lat' dir='ltr'>neque</span> <span class='ocrx_word' id='word_1_9' title='bbox 895 607 977 667; x_wconf 85' lang='lat' dir='ltr'>ente</span> <span class='ocrx_word' id='word_1_10' title='bbox 989 590 1025 668; x_wconf 87' lang='lat' dir='ltr'>se</span> <span class='ocrx_word' id='word_1_11' title='bbox 1042 613 1122 670; x_wconf 92' lang='lat' dir='ltr'>cum</span> <span class='ocrx_word' id='word_1_12' title='bbox 1138 594 1288 670; x_wconf 87' lang='lat' dir='ltr'>homine</span> <span class='ocrx_word' id='word_1_13' title='bbox 1300 593 1366 680; x_wconf 85' lang='lat' dir='ltr'>suo</span> 
     </span>
     <span class='ocr_line' id='line_1_3' title="bbox 297 691 1428 796; baseline -0.001 -24"><span class='ocrx_word' id='word_1_14' title='bbox 297 693 530 796; x_wconf 81' lang='lat' dir='ltr'>ingressurum</span> <span class='ocrx_word' id='word_1_15' title='bbox 546 693 813 767; x_wconf 82' lang='lat' dir='ltr'>tabernaculum</span> <span class='ocrx_word' id='word_1_16' title='bbox 831 694 960 767; x_wconf 80' lang='lat' dir='ltr'>domus</span> <span class='ocrx_word' id='word_1_17' title='bbox 974 691 1041 767; x_wconf 86' lang='lat' dir='ltr'>suae</span> <span class='ocrx_word' id='word_1_18' title='bbox 1055 693 1165 792; x_wconf 83' lang='lat' dir='ltr'>juret,</span> <span class='ocrx_word' id='word_1_19' title='bbox 1190 693 1300 786; x_wconf 87' lang='lat' dir='ltr'>idest,</span> <span class='ocrx_word' id='word_1_20' title='bbox 1326 696 1366 772; x_wconf 91' lang='lat' dir='ltr'>in</span> <span class='ocrx_word' id='word_1_21' title='bbox 1425 717 1428 724; x_wconf 89' lang='lat'>·</span> 
     </span>
     <span class='ocr_line' id='line_1_4' title="bbox 295 791 1363 890; baseline 0 -19"><span class='ocrx_word' id='word_1_22' title='bbox 295 793 475 872; x_wconf 88' lang='lat' dir='ltr'>coelestem</span> <span class='ocrx_word' id='word_1_23' title='bbox 485 791 744 878; x_wconf 84' lang='lat' dir='ltr'>habitationem</span> <span class='ocrx_word' id='word_1_24' title='bbox 754 791 1146 887; x_wconf 83' lang='lat' dir='ltr'>suameiierediturum,</span> <span class='ocrx_word' id='word_1_25' title='bbox 1172 795 1363 890; x_wconf 84' lang='lat' dir='ltr'>quamhaee</span> 
     </span>
     <span class='ocr_line' id='line_1_5' title="bbox 292 889 1098 992; baseline -0.006 -21"><span class='ocrx_word' id='word_1_26' title='bbox 292 892 452 992; x_wconf 82' lang='lat' dir='ltr'>religiosi</span> <span class='ocrx_word' id='word_1_27' title='bbox 470 889 624 985; x_wconf 75' lang='lat' dir='ltr'>petieris</span> <span class='ocrx_word' id='word_1_28' title='bbox 640 895 724 966; x_wconf 89' lang='lat' dir='ltr'>loca</span> <span class='ocrx_word' id='word_1_29' title='bbox 740 892 905 967; x_wconf 90' lang='lat' dir='ltr'>Domino</span> <span class='ocrx_word' id='word_1_30' title='bbox 925 894 1098 966; x_wconf 86' lang='lat' dir='ltr'>inveniat.</span> 
     </span>
    </p>

    <p class='ocr_par' dir='ltr' id='par_1_3' title="bbox 292 989 1443 3361">
     <span class='ocr_line' id='line_1_6' title="bbox 397 989 1364 1087; baseline 0.005 -23"><span class='ocrx_word' id='word_1_31' title='bbox 397 1016 433 1087; x_wconf 81' lang='lat'>7.</span> <span class='ocrx_word' id='word_1_32' title='bbox 458 990 529 1065; x_wconf 87' lang='lat' dir='ltr'>Sed</span> <span class='ocrx_word' id='word_1_33' title='bbox 543 1012 661 1084; x_wconf 83' lang='lat' dir='ltr'>neque</span> <span class='ocrx_word' id='word_1_34' title='bbox 674 991 820 1067; x_wconf 85' lang='lat' dir='ltr'>stratmn</span> <span class='ocrx_word' id='word_1_35' title='bbox 837 989 919 1066; x_wconf 70' lang='lat' dir='ltr'>lesii</span> <span class='ocrx_word' id='word_1_36' title='bbox 937 995 986 1068; x_wconf 80' lang='lat' dir='ltr'>siri</span> <span class='ocrx_word' id='word_1_37' title='bbox 1000 989 1219 1067; x_wconf 89' lang='lat' dir='ltr'>ascensurum</span> <span class='ocrx_word' id='word_1_38' title='bbox 1236 991 1273 1068; x_wconf 90' lang='lat' dir='ltr'>se</span> <span class='ocrx_word' id='word_1_39' title='bbox 1292 991 1364 1070; x_wconf 81' lang='lat' dir='ltr'>eise</span> 
     </span>
     <span class='ocr_line' id='line_1_7' title="bbox 292 1089 1359 1184; baseline 0 -16"><span class='ocrx_word' id='word_1_40' title='bbox 292 1094 419 1169; x_wconf 86' lang='lat' dir='ltr'>vovit.</span> <span class='ocrx_word' id='word_1_41' title='bbox 462 1089 627 1166; x_wconf 78' lang='lat' dir='ltr'>istratum</span> <span class='ocrx_word' id='word_1_42' title='bbox 643 1093 785 1184; x_wconf 86' lang='lat' dir='ltr'>requies</span> <span class='ocrx_word' id='word_1_43' title='bbox 799 1091 1039 1169; x_wconf 90' lang='lat' dir='ltr'>humanorum</span> <span class='ocrx_word' id='word_1_44' title='bbox 1054 1092 1218 1167; x_wconf 87' lang='lat' dir='ltr'>laborum</span> <span class='ocrx_word' id='word_1_45' title='bbox 1232 1093 1296 1184; x_wconf 78' lang='lat' dir='ltr'>est,</span> <span class='ocrx_word' id='word_1_46' title='bbox 1323 1094 1359 1168; x_wconf 75' lang='grc' dir='ltr'>δι</span> 
     </span>
     <span class='ocr_line' id='line_1_8' title="bbox 294 1189 1361 1285; baseline 0 -15"><span class='ocrx_word' id='word_1_47' title='bbox 294 1191 466 1270; x_wconf 79' lang='lat' dir='ltr'>fessorum</span> <span class='ocrx_word' id='word_1_48' title='bbox 484 1211 680 1285; x_wconf 87' lang='lat' dir='ltr'>corporum</span> <span class='ocrx_word' id='word_1_49' title='bbox 702 1189 864 1268; x_wconf 75' lang='lat' dir='ltr'>refetiio.</span> <span class='ocrx_word' id='word_1_50' title='bbox 923 1189 994 1266; x_wconf 89' lang='lat' dir='ltr'>Sed</span> <span class='ocrx_word' id='word_1_51' title='bbox 1015 1191 1096 1285; x_wconf 88' lang='lat' dir='ltr'>quia</span> <span class='ocrx_word' id='word_1_52' title='bbox 1110 1192 1147 1264; x_wconf 93' lang='lat' dir='ltr'>in</span> <span class='ocrx_word' id='word_1_53' title='bbox 1166 1192 1259 1266; x_wconf 90' lang='lat' dir='ltr'>coelo</span> <span class='ocrx_word' id='word_1_54' title='bbox 1275 1191 1361 1270; x_wconf 87' lang='lat' dir='ltr'>sem·</span> 
     </span>
     <span class='ocr_line' id='line_1_9' title="bbox 297 1286 1360 1388; baseline -0.002 -20"><span class='ocrx_word' id='word_1_55' title='bbox 297 1314 363 1388; x_wconf 90' lang='lat' dir='ltr'>per</span> <span class='ocrx_word' id='word_1_56' title='bbox 386 1289 597 1384; x_wconf 83' lang='lat' dir='ltr'>quiescitur,</span> <span class='ocrx_word' id='word_1_57' title='bbox 633 1291 666 1364; x_wconf 76' lang='grc' dir='ltr'>ἂ</span> <span class='ocrx_word' id='word_1_58' title='bbox 687 1293 768 1383; x_wconf 86' lang='lat' dir='ltr'>quia</span> <span class='ocrx_word' id='word_1_59' title='bbox 785 1290 957 1372; x_wconf 79' lang='lat' dir='ltr'>indefessa</span> <span class='ocrx_word' id='word_1_60' title='bbox 974 1294 1034 1366; x_wconf 80' lang='lat' dir='ltr'>ilia</span> <span class='ocrx_word' id='word_1_61' title='bbox 1052 1305 1179 1366; x_wconf 84' lang='lat' dir='ltr'>natura</span> <span class='ocrx_word' id='word_1_62' title='bbox 1196 1286 1360 1378; x_wconf 82' lang='lat' dir='ltr'>laborem</span> 
     </span>
     <span class='ocr_line' id='line_1_10' title="bbox 296 1388 1359 1487; baseline -0.002 -17"><span class='ocrx_word' id='word_1_63' title='bbox 296 1391 429 1481; x_wconf 63' lang='lat' dir='ltr'>nescim</span> <span class='ocrx_word' id='word_1_64' title='bbox 454 1388 591 1485; x_wconf 86' lang='lat' dir='ltr'>semper</span> <span class='ocrx_word' id='word_1_65' title='bbox 610 1391 648 1463; x_wconf 93' lang='lat' dir='ltr'>in</span> <span class='ocrx_word' id='word_1_66' title='bbox 665 1389 792 1484; x_wconf 83' lang='lat' dir='ltr'>strato,</span> <span class='ocrx_word' id='word_1_67' title='bbox 817 1389 933 1484; x_wconf 88' lang='lat' dir='ltr'>idest,</span> <span class='ocrx_word' id='word_1_68' title='bbox 960 1390 1096 1487; x_wconf 84' lang='lat' dir='ltr'><strong>semper</strong></span> <span class='ocrx_word' id='word_1_69' title='bbox 1114 1389 1211 1464; x_wconf 89' lang='lat' dir='ltr'>estin</span> <span class='ocrx_word' id='word_1_70' title='bbox 1225 1392 1359 1484; x_wconf 90' lang='lat' dir='ltr'>quiete.</span> 
     </span>
     <span class='ocr_line' id='line_1_11' title="bbox 295 1489 1359 1574; baseline 0.001 -9"><span class='ocrx_word' id='word_1_71' title='bbox 295 1492 476 1570; x_wconf 83' lang='lat' dir='ltr'>Dominus</span> <span class='ocrx_word' id='word_1_72' title='bbox 495 1489 619 1564; x_wconf 89' lang='lat' dir='ltr'>noster</span> <span class='ocrx_word' id='word_1_73' title='bbox 644 1490 681 1562; x_wconf 92' lang='lat' dir='ltr'>in</span> <span class='ocrx_word' id='word_1_74' title='bbox 704 1490 821 1564; x_wconf 82' lang='lat' dir='ltr'>forma</span> <span class='ocrx_word' id='word_1_75' title='bbox 837 1489 908 1564; x_wconf 91' lang='lat' dir='ltr'>Dei</span> <span class='ocrx_word' id='word_1_76' title='bbox 932 1513 1077 1565; x_wconf 89' lang='lat' dir='ltr'>manens</span> <span class='ocrx_word' id='word_1_77' title='bbox 1094 1489 1247 1566; x_wconf 86' lang='lat' dir='ltr'>sormam</span> <span class='ocrx_word' id='word_1_78' title='bbox 1264 1490 1359 1574; x_wconf 87' lang='lat' dir='ltr'>servi</span> 
     </span>
     <span class='ocr_line' id='line_1_12' title="bbox 294 1589 1360 1686; baseline -0.004 -19"><span class='ocrx_word' id='word_1_79' title='bbox 294 1592 455 1686; x_wconf 75' lang='lat' dir='ltr'>accepit,</span> <span class='ocrx_word' id='word_1_80' title='bbox 493 1589 718 1663; x_wconf 84' lang='lat' dir='ltr'>&amp;obediens</span> <span class='ocrx_word' id='word_1_81' title='bbox 734 1610 848 1679; x_wconf 87' lang='lat' dir='ltr'>usque</span> <span class='ocrx_word' id='word_1_82' title='bbox 865 1589 907 1662; x_wconf 89' lang='lat' dir='ltr'>ad</span> <span class='ocrx_word' id='word_1_83' title='bbox 923 1604 1077 1666; x_wconf 86' lang='lat' dir='ltr'>mortem</span> <span class='ocrx_word' id='word_1_84' title='bbox 1094 1591 1184 1685; x_wconf 72' lang='lat' dir='ltr'>suit,</span> <span class='ocrx_word' id='word_1_85' title='bbox 1211 1591 1245 1665; x_wconf 71' lang='grc' dir='ltr'>ἀ</span> <span class='ocrx_word' id='word_1_86' title='bbox 1263 1611 1360 1668; x_wconf 90' lang='lat' dir='ltr'>mor·</span> 
     </span>
     <span class='ocr_line' id='line_1_13' title="bbox 295 1685 1357 1786; baseline 0.001 -21"><span class='ocrx_word' id='word_1_87' title='bbox 295 1707 370 1768; x_wconf 90' lang='lat' dir='ltr'>tem</span> <span class='ocrx_word' id='word_1_88' title='bbox 393 1692 530 1786; x_wconf 80' lang='lat' dir='ltr'>crucis3</span> <span class='ocrx_word' id='word_1_89' title='bbox 557 1690 721 1784; x_wconf 83' lang='lat' dir='ltr'>utplus,</span> <span class='ocrx_word' id='word_1_90' title='bbox 748 1685 871 1762; x_wconf 91' lang='lat' dir='ltr'>nescio</span> <span class='ocrx_word' id='word_1_91' title='bbox 891 1690 998 1783; x_wconf 88' lang='lat' dir='ltr'>quid,</span> <span class='ocrx_word' id='word_1_92' title='bbox 1021 1705 1141 1765; x_wconf 90' lang='lat' dir='ltr'>morte</span> <span class='ocrx_word' id='word_1_93' title='bbox 1161 1687 1357 1783; x_wconf 67' lang='lat' dir='ltr'>¹pateretur.</span> 
     </span>
     <span class='ocr_line' id='line_1_14' title="bbox 296 1789 1443 1881; baseline -0.01 -14"><span class='ocrx_word' id='word_1_94' title='bbox 296 1791 359 1867; x_wconf 92' lang='lat' dir='ltr'>Ob</span> <span class='ocrx_word' id='word_1_95' title='bbox 380 1792 416 1865; x_wconf 93' lang='lat' dir='ltr'>id</span> <span class='ocrx_word' id='word_1_96' title='bbox 435 1804 554 1866; x_wconf 90' lang='lat' dir='ltr'>autem</span> <span class='ocrx_word' id='word_1_97' title='bbox 580 1803 719 1864; x_wconf 91' lang='lat' dir='ltr'>tantum</span> <span class='ocrx_word' id='word_1_98' title='bbox 741 1789 916 1863; x_wconf 89' lang='lat' dir='ltr'>obediens</span> <span class='ocrx_word' id='word_1_99' title='bbox 934 1809 1046 1881; x_wconf 85' lang='lat' dir='ltr'>usque</span> <span class='ocrx_word' id='word_1_100' title='bbox 1070 1790 1113 1864; x_wconf 92' lang='lat' dir='ltr'>ad</span> <span class='ocrx_word' id='word_1_101' title='bbox 1130 1794 1246 1864; x_wconf 82' lang='lat' dir='ltr'>crucis</span> <span class='ocrx_word' id='word_1_102' title='bbox 1261 1809 1360 1866; x_wconf 84' lang='lat' dir='ltr'>mor·</span> <span class='ocrx_word' id='word_1_103' title='bbox 1438 1845 1443 1856; x_wconf 85' lang='grc'><strong>.</strong></span> 
     </span>
     <span class='ocr_line' id='line_1_15' title="bbox 295 1888 1360 1984; baseline 0.002 -20"><span class='ocrx_word' id='word_1_104' title='bbox 295 1906 370 1966; x_wconf 91' lang='lat' dir='ltr'>tem</span> <span class='ocrx_word' id='word_1_105' title='bbox 394 1891 465 1982; x_wconf 86' lang='lat' dir='ltr'>est,</span> <span class='ocrx_word' id='word_1_106' title='bbox 499 1904 542 1962; x_wconf 91' lang='lat' dir='ltr'>ut</span> <span class='ocrx_word' id='word_1_107' title='bbox 560 1910 629 1963; x_wconf 85' lang='lat' dir='ltr'>nos</span> <span class='ocrx_word' id='word_1_108' title='bbox 652 1889 878 1964; x_wconf 81' lang='lat' dir='ltr'>habitatione</span> <span class='ocrx_word' id='word_1_109' title='bbox 896 1888 966 1961; x_wconf 93' lang='lat' dir='ltr'>Dei</span> <span class='ocrx_word' id='word_1_110' title='bbox 988 1889 1115 1984; x_wconf 77' lang='lat' dir='ltr'>dignor</span> <span class='ocrx_word' id='word_1_111' title='bbox 1134 1889 1203 1963; x_wconf 81' lang='lat' dir='ltr'>eise</span> <span class='ocrx_word' id='word_1_112' title='bbox 1222 1889 1360 1983; x_wconf 81' lang='lat' dir='ltr'>presta·</span> 
     </span>
     <span class='ocr_line' id='line_1_16' title="bbox 294 1985 1359 2085; baseline -0.001 -21"><span class='ocrx_word' id='word_1_113' title='bbox 294 2002 365 2065; x_wconf 84' lang='lat' dir='ltr'>ret.</span> <span class='ocrx_word' id='word_1_114' title='bbox 416 1991 519 2062; x_wconf 89' lang='lat' dir='ltr'>Mori</span> <span class='ocrx_word' id='word_1_115' title='bbox 539 1989 645 2085; x_wconf 84' lang='lat' dir='ltr'>igitur</span> <span class='ocrx_word' id='word_1_116' title='bbox 663 1990 803 2081; x_wconf 79' lang='lat' dir='ltr'>voluit,</span> <span class='ocrx_word' id='word_1_117' title='bbox 831 1990 890 2082; x_wconf 89' lang='lat' dir='ltr'>qui</span> <span class='ocrx_word' id='word_1_118' title='bbox 908 1990 986 2062; x_wconf 88' lang='lat' dir='ltr'>vita</span> <span class='ocrx_word' id='word_1_119' title='bbox 1001 1986 1072 2080; x_wconf 76' lang='lat' dir='ltr'>est,</span> <span class='ocrx_word' id='word_1_120' title='bbox 1099 1989 1134 2059; x_wconf 71' lang='lat' dir='ltr'>u</span> <span class='ocrx_word' id='word_1_121' title='bbox 1149 1985 1240 2062; x_wconf 88' lang='lat' dir='ltr'>effici</span> <span class='ocrx_word' id='word_1_122' title='bbox 1259 1987 1294 2064; x_wconf 94' lang='lat' dir='ltr'>se</span> <span class='ocrx_word' id='word_1_123' title='bbox 1306 1989 1359 2063; x_wconf 88' lang='lat' dir='ltr'>in·</span> 
     </span>
     <span class='ocr_line' id='line_1_17' title="bbox 297 2086 1359 2181; baseline -0.001 -18"><span class='ocrx_word' id='word_1_124' title='bbox 297 2086 431 2164; x_wconf 79' lang='lat' dir='ltr'>defessa</span> <span class='ocrx_word' id='word_1_125' title='bbox 444 2090 562 2161; x_wconf 85' lang='lat' dir='ltr'>virtus</span> <span class='ocrx_word' id='word_1_126' title='bbox 577 2089 621 2161; x_wconf 87' lang='lat' dir='ltr'>ad</span> <span class='ocrx_word' id='word_1_127' title='bbox 634 2089 892 2164; x_wconf 84' lang='lat' dir='ltr'>habitationem</span> <span class='ocrx_word' id='word_1_128' title='bbox 909 2090 1076 2181; x_wconf 80' lang='lat' dir='ltr'>corporis</span> <span class='ocrx_word' id='word_1_129' title='bbox 1093 2106 1171 2162; x_wconf 89' lang='lat' dir='ltr'>non</span> <span class='ocrx_word' id='word_1_130' title='bbox 1179 2087 1359 2163; x_wconf 83' lang='lat' dir='ltr'>recusavit</span> 
     </span>
     <span class='ocr_line' id='line_1_18' title="bbox 296 2185 1362 2282; baseline -0.002 -17"><span class='ocrx_word' id='word_1_131' title='bbox 296 2185 492 2271; x_wconf 80' lang='lat' dir='ltr'>infirmam,</span> <span class='ocrx_word' id='word_1_132' title='bbox 528 2200 570 2260; x_wconf 89' lang='lat' dir='ltr'>ut</span> <span class='ocrx_word' id='word_1_133' title='bbox 586 2190 624 2262; x_wconf 94' lang='lat' dir='ltr'>in</span> <span class='ocrx_word' id='word_1_134' title='bbox 639 2187 754 2262; x_wconf 82' lang='lat' dir='ltr'>forma</span> <span class='ocrx_word' id='word_1_135' title='bbox 771 2187 841 2261; x_wconf 91' lang='lat' dir='ltr'>Dei</span> <span class='ocrx_word' id='word_1_136' title='bbox 858 2209 1005 2263; x_wconf 78' lang='lat' dir='ltr'>monens</span> <span class='ocrx_word' id='word_1_137' title='bbox 1022 2187 1177 2263; x_wconf 88' lang='lat' dir='ltr'>formam</span> <span class='ocrx_word' id='word_1_138' title='bbox 1193 2186 1286 2261; x_wconf 87' lang='lat' dir='ltr'>servi</span> <span class='ocrx_word' id='word_1_139' title='bbox 1302 2208 1362 2282; x_wconf 84' lang='lat' dir='ltr'>ac·¹</span> 
     </span>
     <span class='ocr_line' id='line_1_19' title="bbox 296 2283 1436 2382; baseline -0.002 -20"><span class='ocrx_word' id='word_1_140' title='bbox 296 2290 447 2382; x_wconf 88' lang='lat' dir='ltr'>ciperet.</span> <span class='ocrx_word' id='word_1_141' title='bbox 510 2283 664 2360; x_wconf 82' lang='lat' dir='ltr'>Exceffit</span> <span class='ocrx_word' id='word_1_142' title='bbox 695 2307 783 2382; x_wconf 87' lang='lat' dir='ltr'>ergo</span> <span class='ocrx_word' id='word_1_143' title='bbox 809 2288 939 2382; x_wconf 85' lang='lat' dir='ltr'>exillo</span> <span class='ocrx_word' id='word_1_144' title='bbox 965 2299 1107 2361; x_wconf 84' lang='lat' dir='ltr'>aeternae</span> <span class='ocrx_word' id='word_1_145' title='bbox 1128 2287 1360 2368; x_wconf 78' lang='lat' dir='ltr'>beatitudinia</span> <span class='ocrx_word' id='word_1_146' title='bbox 1425 2291 1436 2380; x_wconf 48' lang='grc' dir='ltr'><em>ᾗ</em></span> 
     </span>
     <span class='ocr_line' id='line_1_20' title="bbox 294 2383 1359 2484; baseline -0.004 -20"><span class='ocrx_word' id='word_1_147' title='bbox 294 2388 363 2464; x_wconf 84' lang='lat' dir='ltr'>suae</span> <span class='ocrx_word' id='word_1_148' title='bbox 378 2387 501 2463; x_wconf 85' lang='lat' dir='ltr'>strato.</span> <span class='ocrx_word' id='word_1_149' title='bbox 552 2383 602 2460; x_wconf 89' lang='lat' dir='ltr'>Et</span> <span class='ocrx_word' id='word_1_150' title='bbox 615 2383 826 2461; x_wconf 84' lang='lat' dir='ltr'>testisnobis</span> <span class='ocrx_word' id='word_1_151' title='bbox 837 2386 1115 2484; x_wconf 81' lang='lat' dir='ltr'>quadragesimus</span> <span class='ocrx_word' id='word_1_152' title='bbox 1127 2384 1280 2471; x_wconf 79' lang='lat' dir='ltr'>Psalmus</span> <span class='ocrx_word' id='word_1_153' title='bbox 1294 2385 1359 2481; x_wconf 89' lang='lat' dir='ltr'>est,</span> 
     </span>
     <span class='ocr_line' id='line_1_21' title="bbox 295 2484 1360 2582; baseline 0.001 -22"><span class='ocrx_word' id='word_1_154' title='bbox 295 2491 356 2581; x_wconf 86' lang='lat' dir='ltr'>qui</span> <span class='ocrx_word' id='word_1_155' title='bbox 381 2510 427 2563; x_wconf 85' lang='lat' dir='ltr'>ex</span> <span class='ocrx_word' id='word_1_156' title='bbox 450 2486 602 2582; x_wconf 85' lang='lat' dir='ltr'>persona</span> <span class='ocrx_word' id='word_1_157' title='bbox 627 2486 776 2561; x_wconf 88' lang='lat' dir='ltr'>Domini</span> <span class='ocrx_word' id='word_1_158' title='bbox 798 2508 907 2561; x_wconf 92' lang='lat' dir='ltr'>omne</span> <span class='ocrx_word' id='word_1_159' title='bbox 923 2486 1177 2563; x_wconf 83' lang='lat' dir='ltr'>sacramentum</span> <span class='ocrx_word' id='word_1_160' title='bbox 1195 2484 1360 2581; x_wconf 78' lang='lat' dir='ltr'>paiiioni&#39;s</span> 
     </span>
     <span class='ocr_line' id='line_1_22' title="bbox 297 2584 1359 2680; baseline 0 -19"><span class='ocrx_word' id='word_1_161' title='bbox 297 2591 501 2680; x_wconf 87' lang='lat' dir='ltr'>eloquitur,</span> <span class='ocrx_word' id='word_1_162' title='bbox 534 2586 674 2661; x_wconf 83' lang='lat' dir='ltr'>dicens:</span> <span class='ocrx_word' id='word_1_163' title='bbox 704 2585 923 2663; x_wconf 87' lang='lat' dir='ltr'>Universum</span> <span class='ocrx_word' id='word_1_164' title='bbox 940 2585 1085 2661; x_wconf 88' lang='lat' dir='ltr'>stratum</span> <span class='ocrx_word' id='word_1_165' title='bbox 1100 2584 1198 2661; x_wconf 87' lang='lat' dir='ltr'>suum</span> <span class='ocrx_word' id='word_1_166' title='bbox 1213 2584 1359 2661; x_wconf 83' lang='lat' dir='ltr'>versasti</span> 
     </span>
     <span class='ocr_line' id='line_1_23' title="bbox 295 2683 1359 2781; baseline 0.002 -22"><span class='ocrx_word' id='word_1_167' title='bbox 295 2686 335 2759; x_wconf 90' lang='lat' dir='ltr'>in</span> <span class='ocrx_word' id='word_1_168' title='bbox 349 2683 555 2761; x_wconf 81' lang='lat' dir='ltr'>infirmitate</span> <span class='ocrx_word' id='word_1_169' title='bbox 571 2688 659 2778; x_wconf 78' lang='lat' dir='ltr'>ejus.</span> <span class='ocrx_word' id='word_1_170' title='bbox 711 2684 800 2763; x_wconf 90' lang='lat' dir='ltr'>Cum</span> <span class='ocrx_word' id='word_1_171' title='bbox 821 2707 887 2781; x_wconf 87' lang='lat' dir='ltr'>per</span> <span class='ocrx_word' id='word_1_172' title='bbox 902 2686 1147 2767; x_wconf 85' lang='lat' dir='ltr'>obedientiam</span> <span class='ocrx_word' id='word_1_173' title='bbox 1157 2687 1359 2761; x_wconf 80' lang='lat' dir='ltr'>voluntaria</span> 
     </span>
     <span class='ocr_line' id='line_1_24' title="bbox 294 2783 1360 2881; baseline 0.001 -23"><span class='ocrx_word' id='word_1_174' title='bbox 294 2802 455 2881; x_wconf 81' lang='lat' dir='ltr'>paternae</span> <span class='ocrx_word' id='word_1_175' title='bbox 475 2805 519 2859; x_wconf 81' lang='lat' dir='ltr'>ex</span> <span class='ocrx_word' id='word_1_176' title='bbox 535 2784 619 2860; x_wconf 90' lang='lat' dir='ltr'>Deo</span> <span class='ocrx_word' id='word_1_177' title='bbox 635 2787 770 2879; x_wconf 83' lang='lat' dir='ltr'>homo,</span> <span class='ocrx_word' id='word_1_178' title='bbox 797 2806 843 2860; x_wconf 84' lang='lat' dir='ltr'>ex</span> <span class='ocrx_word' id='word_1_179' title='bbox 863 2801 1017 2880; x_wconf 89' lang='lat' dir='ltr'>potente</span> <span class='ocrx_word' id='word_1_180' title='bbox 1030 2783 1216 2879; x_wconf 88' lang='lat' dir='ltr'>infirmus,</span> <span class='ocrx_word' id='word_1_181' title='bbox 1241 2808 1286 2859; x_wconf 85' lang='lat' dir='ltr'>ex</span> <span class='ocrx_word' id='word_1_182' title='bbox 1305 2786 1360 2861; x_wconf 90' lang='lat' dir='ltr'>vi·</span> 
     </span>
     <span class='ocr_line' id='line_1_25' title="bbox 294 2881 1357 2980; baseline 0.002 -21"><span class='ocrx_word' id='word_1_183' title='bbox 294 2881 469 2959; x_wconf 89' lang='lat' dir='ltr'>vificante</span> <span class='ocrx_word' id='word_1_184' title='bbox 481 2899 661 2980; x_wconf 83' lang='lat' dir='ltr'>mortuus,</span> <span class='ocrx_word' id='word_1_185' title='bbox 686 2909 731 2959; x_wconf 84' lang='lat' dir='ltr'>ex</span> <span class='ocrx_word' id='word_1_186' title='bbox 746 2900 884 2960; x_wconf 79' lang='lat' dir='ltr'>eterno</span> <span class='ocrx_word' id='word_1_187' title='bbox 900 2886 1099 2961; x_wconf 87' lang='lat' dir='ltr'>seculorum</span> <span class='ocrx_word' id='word_1_188' title='bbox 1109 2885 1231 2980; x_wconf 88' lang='lat' dir='ltr'>judice</span> <span class='ocrx_word' id='word_1_189' title='bbox 1241 2888 1357 2961; x_wconf 85' lang='lat' dir='ltr'>crucis</span> 
     </span>
     <span class='ocr_line' id='line_1_26' title="bbox 295 2978 1401 3080; baseline 0.001 -23"><span class='ocrx_word' id='word_1_190' title='bbox 295 3004 378 3057; x_wconf 87' lang='lat' dir='ltr'>reus</span> <span class='ocrx_word' id='word_1_191' title='bbox 400 2985 550 3072; x_wconf 80' lang='lat' dir='ltr'>dicitu13</span> <span class='ocrx_word' id='word_1_192' title='bbox 577 2987 653 3061; x_wconf 86' lang='lat' dir='ltr'>¹tum</span> <span class='ocrx_word' id='word_1_193' title='bbox 671 2986 817 3063; x_wconf 89' lang='lat' dir='ltr'>stratum</span> <span class='ocrx_word' id='word_1_194' title='bbox 838 2987 915 3080; x_wconf 84' lang='lat' dir='ltr'>ejus</span> <span class='ocrx_word' id='word_1_195' title='bbox 932 2978 968 3059; x_wconf 88' lang='lat' dir='ltr'>in</span> <span class='ocrx_word' id='word_1_196' title='bbox 985 2982 1188 3060; x_wconf 89' lang='lat' dir='ltr'>infirmitate</span> <span class='ocrx_word' id='word_1_197' title='bbox 1204 3005 1365 3060; x_wconf 81' lang='lat' dir='ltr'>conver·¹</span> <span class='ocrx_word' id='word_1_198' title='bbox 1399 3016 1401 3023; x_wconf 54' lang='lat'><strong><em>¹</em></strong></span> 
     </span>
     <span class='ocr_line' id='line_1_27' title="bbox 294 3084 1354 3183; baseline 0.006 -26"><span class='ocrx_word' id='word_1_199' title='bbox 294 3085 394 3161; x_wconf 86' lang='lat' dir='ltr'>titur.</span> <span class='ocrx_word' id='word_1_200' title='bbox 447 3084 490 3158; x_wconf 91' lang='lat' dir='ltr'>ln</span> <span class='ocrx_word' id='word_1_201' title='bbox 506 3085 592 3157; x_wconf 90' lang='lat' dir='ltr'>iilud</span> <span class='ocrx_word' id='word_1_202' title='bbox 610 3088 716 3183; x_wconf 86' lang='lat' dir='ltr'>igitur</span> <span class='ocrx_word' id='word_1_203' title='bbox 734 3099 875 3161; x_wconf 79' lang='lat' dir='ltr'>aeternae</span> <span class='ocrx_word' id='word_1_204' title='bbox 892 3088 1053 3161; x_wconf 76' lang='lat' dir='ltr'>&amp;beata</span> <span class='ocrx_word' id='word_1_205' title='bbox 1069 3086 1196 3179; x_wconf 83' lang='lat' dir='ltr'>quietis</span> <span class='ocrx_word' id='word_1_206' title='bbox 1208 3085 1354 3163; x_wconf 85' lang='lat' dir='ltr'>stratum</span> 
     </span>
     <span class='ocr_line' id='line_1_28' title="bbox 294 3182 1357 3280; baseline 0.005 -24"><span class='ocrx_word' id='word_1_207' title='bbox 294 3185 420 3276; x_wconf 87' lang='lat' dir='ltr'>vovit,</span> <span class='ocrx_word' id='word_1_208' title='bbox 444 3182 507 3259; x_wconf 80' lang='lat' dir='ltr'>nisi</span> <span class='ocrx_word' id='word_1_209' title='bbox 522 3201 671 3279; x_wconf 90' lang='lat' dir='ltr'>reperto</span> <span class='ocrx_word' id='word_1_210' title='bbox 682 3184 754 3259; x_wconf 90' lang='lat' dir='ltr'>Dei</span> <span class='ocrx_word' id='word_1_211' title='bbox 770 3182 1020 3280; x_wconf 84' lang='lat' dir='ltr'>tabernaculo,</span> <span class='ocrx_word' id='word_1_212' title='bbox 1046 3206 1123 3261; x_wconf 88' lang='lat' dir='ltr'>non</span> <span class='ocrx_word' id='word_1_213' title='bbox 1137 3184 1272 3259; x_wconf 86' lang='lat' dir='ltr'>redire:</span> <span class='ocrx_word' id='word_1_214' title='bbox 1297 3182 1357 3261; x_wconf 80' lang='lat' dir='ltr'>sed</span> 
     </span>
     <span class='ocr_line' id='line_1_29' title="bbox 294 3282 1191 3361; baseline 0.006 -6"><span class='ocrx_word' id='word_1_215' title='bbox 294 3303 365 3356; x_wconf 89' lang='lat' dir='ltr'>nee</span> <span class='ocrx_word' id='word_1_216' title='bbox 381 3299 464 3357; x_wconf 89' lang='lat' dir='ltr'>ante</span> <span class='ocrx_word' id='word_1_217' title='bbox 483 3282 644 3360; x_wconf 92' lang='lat' dir='ltr'>somnum</span> <span class='ocrx_word' id='word_1_218' title='bbox 661 3288 775 3358; x_wconf 85' lang='lat' dir='ltr'>ocuiis</span> <span class='ocrx_word' id='word_1_219' title='bbox 796 3286 863 3359; x_wconf 91' lang='lat' dir='ltr'>suis</span> <span class='ocrx_word' id='word_1_220' title='bbox 881 3288 976 3361; x_wconf 86' lang='lat' dir='ltr'>dare.</span> <span class='ocrx_word' id='word_1_221' title='bbox 1185 3304 1191 3317; x_wconf 87' lang='lat'><em>·</em></span> 
     </span>
    </p>

    <p class='ocr_par' dir='ltr' id='par_1_4' title="bbox 287 3382 1445 4257">
     <span class='ocr_line' id='line_1_30' title="bbox 396 3382 1355 3482; baseline -0.009 -19"><span class='ocrx_word' id='word_1_222' title='bbox 396 3394 427 3463; x_wconf 87' lang='grc'>8.</span> <span class='ocrx_word' id='word_1_223' title='bbox 455 3386 547 3482; x_wconf 82' lang='lat' dir='ltr'>Quis</span> <span class='ocrx_word' id='word_1_224' title='bbox 568 3382 633 3457; x_wconf 90' lang='lat' dir='ltr'>iste</span> <span class='ocrx_word' id='word_1_225' title='bbox 658 3384 709 3459; x_wconf 90' lang='lat' dir='ltr'>est</span> <span class='ocrx_word' id='word_1_226' title='bbox 728 3384 894 3459; x_wconf 68' lang='lat' dir='ltr'>somnus?</span> <span class='ocrx_word' id='word_1_227' title='bbox 932 3386 1079 3478; x_wconf 88' lang='lat' dir='ltr'>Nempe·</span> <span class='ocrx_word' id='word_1_228' title='bbox 1096 3385 1178 3478; x_wconf 89' lang='lat' dir='ltr'>ilie,</span> <span class='ocrx_word' id='word_1_229' title='bbox 1216 3382 1355 3472; x_wconf 88' lang='lat' dir='ltr'>dequo</span> 
     </span>
     <span class='ocr_line' id='line_1_31' title="bbox 294 3478 1445 3582; baseline -0.001 -26"><span class='ocrx_word' id='word_1_230' title='bbox 294 3481 363 3582; x_wconf 74' lang='lat' dir='ltr'>aitz</span> <span class='ocrx_word' id='word_1_231' title='bbox 387 3478 468 3577; x_wconf 87' lang='lat' dir='ltr'>Ego</span> <span class='ocrx_word' id='word_1_232' title='bbox 486 3483 664 3574; x_wconf 78' lang='lat' dir='ltr'>dormivi,</span> <span class='ocrx_word' id='word_1_233' title='bbox 690 3482 899 3559; x_wconf 84' lang='lat' dir='ltr'>&amp;somnum</span> <span class='ocrx_word' id='word_1_234' title='bbox 917 3485 1012 3577; x_wconf 84' lang='lat' dir='ltr'>cepi,</span> <span class='ocrx_word' id='word_1_235' title='bbox 1039 3484 1071 3557; x_wconf 73' lang='lat' dir='ltr'>or</span> <span class='ocrx_word' id='word_1_236' title='bbox 1092 3482 1240 3574; x_wconf 87' lang='lat' dir='ltr'>surrexi,</span> <span class='ocrx_word' id='word_1_237' title='bbox 1268 3500 1357 3573; x_wconf 87' lang='lat' dir='ltr'>quo·</span> <span class='ocrx_word' id='word_1_238' title='bbox 1443 3504 1445 3509; x_wconf 92' lang='grc'>·</span> 
     </span>
     <span class='ocr_line' id='line_1_32' title="bbox 293 3576 1354 3677; baseline -0.005 -20"><span class='ocrx_word' id='word_1_239' title='bbox 293 3581 390 3657; x_wconf 83' lang='lat' dir='ltr'>niam</span> <span class='ocrx_word' id='word_1_240' title='bbox 405 3578 583 3659; x_wconf 84' lang='lat' dir='ltr'>Dominus</span> <span class='ocrx_word' id='word_1_241' title='bbox 598 3582 763 3677; x_wconf 85' lang='lat' dir='ltr'>suscipiet</span> <span class='ocrx_word' id='word_1_242' title='bbox 777 3606 846 3659; x_wconf 83' lang='lat' dir='ltr'>me.</span> <span class='ocrx_word' id='word_1_243' title='bbox 893 3584 1028 3661; x_wconf 86' lang='lat' dir='ltr'>Mortis</span> <span class='ocrx_word' id='word_1_244' title='bbox 1046 3584 1106 3657; x_wconf 93' lang='lat' dir='ltr'>hic</span> <span class='ocrx_word' id='word_1_245' title='bbox 1123 3580 1266 3655; x_wconf 84' lang='lat' dir='ltr'>somnus</span> <span class='ocrx_word' id='word_1_246' title='bbox 1290 3576 1354 3673; x_wconf 88' lang='lat' dir='ltr'>est,</span> 
     </span>
     <span class='ocr_line' id='line_1_33' title="bbox 294 3679 1356 3774; baseline 0.002 -23"><span class='ocrx_word' id='word_1_247' title='bbox 294 3699 401 3771; x_wconf 91' lang='lat' dir='ltr'>quem</span> <span class='ocrx_word' id='word_1_248' title='bbox 418 3701 493 3755; x_wconf 91' lang='lat' dir='ltr'>non</span> <span class='ocrx_word' id='word_1_249' title='bbox 511 3695 593 3757; x_wconf 88' lang='lat' dir='ltr'>ante</span> <span class='ocrx_word' id='word_1_250' title='bbox 614 3685 730 3769; x_wconf 85' lang='lat' dir='ltr'>oculis</span> <span class='ocrx_word' id='word_1_251' title='bbox 751 3682 819 3757; x_wconf 84' lang='lat' dir='ltr'>suis</span> <span class='ocrx_word' id='word_1_252' title='bbox 844 3682 962 3773; x_wconf 71' lang='lat' dir='ltr'>dabit,</span> <span class='ocrx_word' id='word_1_253' title='bbox 995 3703 1100 3774; x_wconf 84' lang='lat' dir='ltr'>qnam</span> <span class='ocrx_word' id='word_1_254' title='bbox 1121 3683 1243 3753; x_wconf 92' lang='lat' dir='ltr'>locum</span> <span class='ocrx_word' id='word_1_255' title='bbox 1258 3679 1356 3753; x_wconf 87' lang='lat' dir='ltr'>habi·</span> 
     </span>
     <span class='ocr_line' id='line_1_34' title="bbox 291 3777 1356 3875; baseline -0.008 -16"><span class='ocrx_word' id='word_1_256' title='bbox 291 3778 443 3859; x_wconf 84' lang='lat' dir='ltr'>tationis</span> <span class='ocrx_word' id='word_1_257' title='bbox 459 3781 631 3858; x_wconf 86' lang='lat' dir='ltr'>inveniat.</span> <span class='ocrx_word' id='word_1_258' title='bbox 682 3783 799 3875; x_wconf 79' lang='lat' dir='ltr'>Huius</span> <span class='ocrx_word' id='word_1_259' title='bbox 817 3784 924 3861; x_wconf 86' lang='lat' dir='ltr'>etiam</span> <span class='ocrx_word' id='word_1_260' title='bbox 937 3782 1050 3857; x_wconf 91' lang='lat' dir='ltr'>somni</span> <span class='ocrx_word' id='word_1_261' title='bbox 1065 3782 1191 3855; x_wconf 83' lang='lat' dir='ltr'>beatus</span> <span class='ocrx_word' id='word_1_262' title='bbox 1208 3777 1356 3853; x_wconf 63' lang='lat' dir='ltr'>Patriae,</span> 
     </span>
     <span class='ocr_line' id='line_1_35' title="bbox 292 3879 1355 3979; baseline -0.004 -24"><span class='ocrx_word' id='word_1_263' title='bbox 292 3880 361 3955; x_wconf 84' lang='lat' dir='ltr'>cha</span> <span class='ocrx_word' id='word_1_264' title='bbox 376 3880 492 3973; x_wconf 86' lang='lat' dir='ltr'>Jacob</span> <span class='ocrx_word' id='word_1_265' title='bbox 507 3882 545 3959; x_wconf 87' lang='lat' dir='ltr'>in</span> <span class='ocrx_word' id='word_1_266' title='bbox 561 3879 811 3956; x_wconf 81' lang='lat' dir='ltr'>benedimone</span> <span class='ocrx_word' id='word_1_267' title='bbox 828 3881 948 3979; x_wconf 80' lang='lat' dir='ltr'>Jude,</span> <span class='ocrx_word' id='word_1_268' title='bbox 976 3882 1036 3972; x_wconf 91' lang='lat' dir='ltr'>qui</span> <span class='ocrx_word' id='word_1_269' title='bbox 1054 3882 1221 3973; x_wconf 75' lang='lat' dir='ltr'>princepe</span> <span class='ocrx_word' id='word_1_270' title='bbox 1236 3880 1355 3977; x_wconf 78' lang='lat' dir='ltr'>gentir</span> 
     </span>
     <span class='ocr_line' id='line_1_36' title="bbox 287 3976 1356 4077; baseline 0.002 -26"><span class='ocrx_word' id='word_1_271' title='bbox 287 3976 388 4077; x_wconf 75' lang='lat' dir='ltr'>istius</span> <span class='ocrx_word' id='word_1_272' title='bbox 406 3980 547 4069; x_wconf 84' lang='lat' dir='ltr'>extitit,</span> <span class='ocrx_word' id='word_1_273' title='bbox 573 3985 753 4063; x_wconf 89' lang='lat' dir='ltr'>meminit,</span> <span class='ocrx_word' id='word_1_274' title='bbox 780 3981 921 4057; x_wconf 86' lang='lat' dir='ltr'>dicens:</span> <span class='ocrx_word' id='word_1_275' title='bbox 946 3978 1094 4054; x_wconf 82' lang='lat' dir='ltr'>Catulus</span> <span class='ocrx_word' id='word_1_276' title='bbox 1115 3979 1232 4055; x_wconf 80' lang='lat' dir='ltr'>leonis</span> <span class='ocrx_word' id='word_1_277' title='bbox 1249 3978 1356 4077; x_wconf 83' lang='lat' dir='ltr'>Juda,</span> 
     </span>
     <span class='ocr_line' id='line_1_37' title="bbox 290 4074 1356 4257; baseline 0.002 -106"><span class='ocrx_word' id='word_1_278' title='bbox 290 4098 338 4159; x_wconf 81' lang='lat' dir='ltr'>ex</span> <span class='ocrx_word' id='word_1_279' title='bbox 356 4077 486 4156; x_wconf 84' lang='lat' dir='ltr'>frutice</span> <span class='ocrx_word' id='word_1_280' title='bbox 502 4075 596 4155; x_wconf 82' lang='lat' dir='ltr'>filius</span> <span class='ocrx_word' id='word_1_281' title='bbox 610 4102 733 4179; x_wconf 83' lang='lat' dir='ltr'>meua,</span> <span class='ocrx_word' id='word_1_282' title='bbox 760 4083 955 4257; x_wconf 58' lang='grc' dir='ltr'>ρὶῗοὶἀευε</span> <span class='ocrx_word' id='word_1_283' title='bbox 973 4076 1134 4161; x_wconf 87' lang='lat' dir='ltr'>dormisti</span> <span class='ocrx_word' id='word_1_284' title='bbox 1149 4092 1192 4157; x_wconf 90' lang='lat' dir='ltr'>ut</span> <span class='ocrx_word' id='word_1_285' title='bbox 1209 4074 1356 4253; x_wconf 42' lang='lat' dir='ltr'>icem&amp;</span> 
     </span>
    </p>

    <p class='ocr_par' dir='ltr' id='par_1_5' title="bbox 849 4184 1317 4279">
     <span class='ocr_line' id='line_1_38' title="bbox 849 4184 1317 4279; baseline -0.002 -28"><span class='ocrx_word' id='word_1_286' title='bbox 849 4204 869 4279; x_wconf 83' lang='lat'>3</span> <span class='ocrx_word' id='word_1_287' title='bbox 1011 4200 1013 4205; x_wconf 72' lang='grc'>’</span> <span class='ocrx_word' id='word_1_288' title='bbox 1133 4184 1142 4201; x_wconf 86' lang='grc'><strong>“</strong></span> <span class='ocrx_word' id='word_1_289' title='bbox 1231 4193 1317 4251; x_wconf 62' lang='lat' dir='ltr'>mut</span> 
     </span>
    </p>
   </div>
   <div class='ocr_carea' id='block_1_3' title="bbox 0 0 1664 4900">
    <p class='ocr_par' dir='ltr' id='par_1_6' title="bbox 0 0 1664 4900">
     <span class='ocr_line' id='line_1_39' title="bbox 0 0 1664 4900; baseline 0 1"><span class='ocrx_word' id='word_1_290' title='bbox 0 0 1664 4900; x_wconf 95' lang='lat' dir='ltr'> </span> 
     </span>
    </p>
   </div>
  </div>
 </body>
</html>
