3317 4900
438 450 802 534 Tercentum
827 450 976 532 CXIX.
999 449 1238 532 uenenum
1363 476 1389 550 ς

311 615 375 690 eibi
391 617 434 700 ad
449 618 593 711 dingen
613 610 773 706 deleſsent?
801 615 936 709 Sagitta
951 617 1209 713 potentitatutae
1226 637 1297 690 tuen
1314 640 1385 691 cat·
1418 669 1433 694 .

310 718 444 790 ionibus
458 718 660 805 desolatoriis.
715 720 790 790 Heu
805 718 872 787 me!
898 717 1382 815 quia‘incotammeusprehn·

301 833 403 911 gates
416 816 475 914 efl:
500 818 650 911 habitavi
663 840 731 887 eum
745 816 968 888 habitantibus
986 819 1106 889 cedor:
1130 816 1264 888 meltum
1276 819 1381 894 incole

299 917 380 1010 fuit
395 922 504 989 anime
518 943 594 990 uta.
649 920 730 990 Cum
744 918 817 1004 his,
842 921 902 1015 qui
914 919 1044 990 oderam
1056 936 1172 1013 pacem,
1198 941 1284 990 erant
1292 926 1380 1016 poci·

295 1018 404 1111 ficus:
429 1011 659 1118 conloquatur
676 1020 761 1111 tuis,
787 1020 1015 1113 impugnabant
1033 1043 1080 1089 me
1090 1020 1206 1112 gratis.

527 1175 889 1253 TRACTA'TUS
922 1175 1146 1254 PSALMI.

307 1338 343 1392 1.
360 1318 767 1494 propheticuesermo‚
792 1321 879 1393 lieet
887 1321 1069 1394 communi
1078 1313 1141 1392 usu
1151 1318 1295 1395 humani
1306 1319 1376 1395 ser·

433 1420 718 1515 nominatur,
743 1434 953 1495 tamennon
974 1420 1155 1513 eamdem,
1183 1440 1373 1514 quecom·

300 1521 401 1594 tnuni
416 1516 529 1594 sensui
547 1518 705 1610 adjacet,
738 1513 1003 1615 fignificantiem
1020 1520 1197 1594 continet.
1263 1518 1374 1596 Nam·

303 1639 376 1710 que
392 1622 577 1711 qutemvio,
603 1632 715 1712 prout
730 1615 908 1710 possemus
926 1620 1138 1716 intelligere,
1165 1639 1285 1694 terum
1301 1639 1372 1693 coe·

299 1717 439 1793 lestium
463 1719 749 1794 enuntiationem
777 1720 1005 1810 temperatim
1035 1720 1222 1806 *virtutem
1248 1733 1370 1796 tamen

299 1815 542 1913 fignifictntiae
565 1818 634 1893 suae
654 1819 843 1895 moderata
865 1817 952 1889 licet
971 1820 1165 1892 verborum
1189 1816 1371 1895 eleiiione

302 1915 477 1993 ser'vtvit.
528 1916 756 2013 Coepitenim
776 1920 848 1992 ita:
881 1918 934 1989 Ad
951 1932 1001 2000 te,
1035 1922 1189 1997 Domine,
1215 1944 1282 1989 cum
1304 1924 1369 1991 tri·

299 2017 452 2104 turra,
484 2018 637 2104 clamavi,
671 2017 887 2116 &exaudisti
908 2041 966 2087 me.
1029 2014 1089 2089 De
1108 2015 1368 2095 consuetudine

303 2117 402 2190 enim
423 2116 542 2210 forte,
578 2117 612 2190 δι
632 2138 702 2211 pro
725 2119 869 2191 humani
886 2115 1001 2190 sensus
1019 2113 1210 2210 offeotione
1230 2120 1367 2192 clamor

298 2217 364 2290 hic
380 2214 423 2289 td
436 2214 556 2293 Deum
572 2216 762 2311 Prophetae
779 2215 1055 2298 existimabitur,
1087 2230 1127 2289 ut
1145 2216 1366 2310 promiscuus

295 2315 549 2408 hicdolorfit,
576 2318 626 2390 ob
646 2336 750 2408 quem
762 2316 867 2391 etiam
878 2337 958 2389 cum
969 2315 1367 2409 vociferationeDeum

296 2428 494 2511 precetut3
530 2418 613 2510 quit
629 2418 765 2492 multos
781 2428 843 2489 eut
864 2416 1010 2509 periculi
1031 2426 1148 2490 metus
1166 2416 1366 2509 mortisque

296 2529 434 2609 terror,
448 2527 525 2589 eut*
538 2516 656 2591 domni
672 2518 833 2590 anxietas
848 2537 890 2590 ec
903 2514 1064 2609 pecuniae
1084 2516 1206 2606 dolor,
1235 2529 1296 2588 aut
1308 2535 1367 2588 ot·

298 2617 422 2689 bitotit
435 2611 547 2691 telum
557 2616 798 2708 dolorumque
811 2617 962 2688 vulnera
974 2615 1016 2688 ad
1033 2615 1151 2688 Deum
1170 2637 1302 2689 vocem
1315 2612 1365 2689 ef·

253 2749 255 2752 ·
298 2713 399 2788 ferre
414 2716 656 2807 compellunt;
690 2729 868 2805 tamquam
886 2735 961 2788 non
977 2717 1098 2789 omnia
1111 2736 1258 2805 eorum,
1285 2735 1364 2808 qua

298 2813 480 2906 accident,
507 2815 612 2887 bonis
631 2813 758 2908 spebus
776 2813 942 2906 aptissime
956 2815 1035 2888 sunt.
1084 2813 1363 2907 Apostolusdit·

295 2911 414 3005 solvi,
441 2912 475 2986 de
494 2933 574 2987 cum
591 2912 732 2989 Christo
751 2912 822 2986 effe
836 2913 899 2986 fibi
913 2916 1037 2986 melius
1051 2913 1212 3005 testatur,
1240 2934 1362 2990 cutam

296 3015 459 3106 pecuniae
474 3013 628 3089 redicem
642 3016 755 3087 totius
768 3014 912 3086 melitite
921 3012 1152 3104 condemnat,
1179 3013 1361 3089 &flendos

297 3115 421 3205 potius
447 3115 558 3206 uiuos
582 3111 780 3209 Evangelia
798 3113 992 3202 dixerunt:
1027 3112 1061 3185 n
1090 3114 1196 3205 quid,
1231 3130 1361 3187 contra

296 3210 372 3285 haec
387 3208 470 3285 fidei
487 3211 616 3285 nosttae
632 3212 821 3306 propofito
841 3209 999 3291 firmato,
1023 3213 1097 3284 loci
1113 3210 1279 3285 adversus
1290 3233 1360 3285 nos

296 3308 419 3385 seculo
440 3312 681 3403 relinquetur,
708 3332 790 3386 cum
807 3308 936 3383 Christi
953 3307 1173 3386 consortium
1191 3332 1288 3391 mors
1303 3330 1361 3383 tc·
1421 3361 1429 3379 ,

296 3414 435 3505 quirat,
461 3412 585 3506 inopie
604 3412 765 3506 pecunie
781 3409 923 3503 ptaestet
938 3411 1095 3504 inopiam
1113 3415 1267 3505 peccati,
1292 3430 1360 3483 no·
1389 3470 1399 3489 t

290 3508 450 3684 hitorpm
465 3508 630 3587 absceffio
645 3510 717 3606 spei
733 3510 934 3586 communis
953 3509 996 3585 fit
1011 3514 1210 3589 accelerata
1227 3528 1367 3604 prope-1

291 3611 390 3687 ratio
604 3684 606 3689 ,

397 3732 430 3785 e.
455 3708 524 3787 Sed
545 3708 569 3785 fi
591 3708 664 3783 iste
687 3729 762 3784 non
783 3706 884 3798 sunt3
919 3730 996 3801 qum
1013 3727 1101 3804 orgo
1121 3718 1227 3781 erunt
1245 3706 1361 3782 tribu-

290 3809 470 3900 lationes,
501 3810 552 3883 ob
585 3830 671 3901 quat
705 3811 879 3883 clametur
909 3809 952 3883 td
988 3803 1214 3882 Dominum?
1266 3805 1358 3882 Sunt

289 3911 400 4008 plane
424 3908 652 4001 unanime,
690 3909 873 3985 trahentes
893 3929 964 3983 nos
979 3909 1016 3981 in
1037 3904 1256 3999 profundum
1273 3927 1358 4000 pec·

291 4011 378 4085 cati.
439 4007 621 4101 Propheta
642 4008 736 4084 enim
758 4009 942 4085 hominem
966 4007 1131 4103 gradibus
1159 4005 1202 4081 ad
1223 4019 1357 4085 eterne
1413 4080 1415 4085 ,

291 4106 523 4189 scandentem
539 4129 584 4185 ex
599 4106 1004 4284 personasugformans,
1030 4105 1190 4202 equibus
1203 4105 1356 4277 ωυὶἰωο

850 4228 871 4308 3
1213 4224 1324 4285 mun
