3317 4900
316 452 363 544 98
651 432 1053 512 S.H1nan11-
1359 473 1366 484 =

317 615 405 680 runt
416 597 520 690 Sion,
546 596 582 672 hi
603 596 690 671 ficut
704 583 838 674 soe-num
852 593 1084 670 edificiorum
1103 615 1211 676 erunt
1226 607 1414 713 inutiles,

321 705 358 780 dt
380 719 569 794 corporee
589 697 692 789 hujus
709 694 959 788 praesentisque
972 699 1059 769 vitae
1079 695 1235 778 studium
1260 711 1411 793 cassum

320 797 537 890 inanemque
566 797 775 870 reserentes.
825 793 994 868 AEdificia
1017 795 1133 889 enim,
1171 815 1286 895 atque
1303 813 1410 891 tecla

322 899 516 979 secundum
543 897 785 992 evangelicam
810 895 1114 987 comparationem
1138 898 1304 981 humana
1319 910 1409 988 sunt

325 1021 484 1094 corpora
505 1012 565 1070 aut
583 992 654 1068 fide
674 991 795 1082 firma,
820 1009 884 1067 aut
899 991 1108 1069 infidelitate
1124 1001 1285 1082 ruitura.
1340 1011 1408 1088 Ab

321 1101 522 1190 hocetiam
541 1092 678 1170 aedificii
692 1093 790 1167 tedio
810 1093 961 1168 instante
978 1091 1233 1187 persecutione
1252 1104 1407 1184 Domi..

323 1222 394 1280 nus
410 1199 700 1289 'unumquemque
716 1196 835 1266 vetuit
847 1192 1073 1282 descendere,
1098 1194 1244 1277 dicens:
1273 1204 1328 1282 Et
1341 1214 1405 1303 qui

322 1301 427 1394 super
440 1296 572 1372 retium
589 1295 659 1386 est,
686 1315 761 1366 non
781 1292 970 1367 descendat
991 1295 1121 1368 tollere
1138 1297 1186 1371 de
1205 1301 1329 1380 domo
1342 1314 1406 1384 ali-2

325 1400 421 1494 quid.
445 1407 448 1414 ’
473 1395 583 1470 Certe
601 1396 638 1468 in
656 1391 908 1487 persecutione
929 1393 1133 1489 fugiendum
1149 1396 1223 1473 est:
1252 1402 1289 1476 dr
1310 1429 1403 1500 quo.

325 1500 439 1577 modo
457 1496 501 1570 de
522 1492 619 1567 tedio
634 1494 789 1567 inhibuit
806 1489 1039 1583 descendere,
1065 1493 1128 1568 nist
1147 1517 1238 1573 cura
1263 1526 1403 1602 corpo.

324 1603 374 1674 ris
398 1593 583 1675 derelidiam
616 1594 697 1685 quia
718 1592 820 1686 super
835 1591 966 1666 tedium
981 1590 1160 1689 insiliens,
1187 1599 1226 1672 id
1247 1603 1321 1698 est,
1348 1608 1402 1684 su.

326 1720 392 1795 per
411 1713 589 1769 terrenam
609 1708 768 1767 naturam
791 1714 959 1783 manens,
984 1694 1339 1800 humiliarepetere‚
1367 1711 1401 1784 dr

328 1795 542 1872 descendere
554 1794 596 1866 ad
606 1790 1026 1887 inferioraprohibeturi
1053 1793 1401 1895 Verumimpiiaedi·

327 1896 494 1972 diciorum
518 1893 650 1967 foenum
671 1890 772 1984 sunt,
804 1891 921 1964 inania
938 1891 1030 1965 enim
1048 1890 1245 1974 severunt:
1285 1906 1401 1980 &fte-

327 2019 412 2072 num
432 1996 537 2067 etiam
556 2009 662 2085 ante,
696 2013 799 2084 quam
818 1991 1015 2080 evellatur,
1049 1991 1235 2091 arescens,
1260 2003 1398 2098 dequo

327 2118 446 2186 neque
476 2114 619 2168 manum
642 2091 736 2163 suam
757 2089 887 2164 melior
913 2091 1096 2184 implebit,
1132 2116 1255 2190 neque
1284 2105 1399 2184 smum
1437 2139 1440 2146 ·

328 2198 533 2288 manipulos
554 2190 768 2264 collesturus
784 2192 974 2283 onerabit,
1000 2212 1075 2267 non
1097 2202 1308 2285 praeteriens
1327 2205 1401 2279 sru-

331 2289 877 2391 dlumgratulationebenedixit.
927 2290 1157 2381 Inanersunt,
1184 2300 1401 2400 vacuisunt,

331 2397 475 2471 inutiles
493 2392 590 2466 sunt:
617 2392 734 2466 inania
753 2393 846 2465 enim
862 2390 1044 2464 &inutilia
1057 2390 1238 2472 severunt.
1290 2400 1328 2471 O
1346 2405 1399 2478 in·

331 2496 457 2571 felices
481 2496 648 2583 labores,
688 2490 960 2564 &infructuosa
983 2492 1096 2565 carnis
1113 2512 1247 2588 opera,
1281 2499 1401 2576 infru.

333 2596 457 2671 diuoso
480 2592 710 2667 aedisrciorum
729 2589 828 2664 foeno
854 2606 1079 2685 comparata,
1104 2591 1262 2689 litante,
1289 2621 1398 2690 quam

333 2699 557 2785 evellantur,
591 2693 706 2784 arida,
737 2691 773 2762 id
798 2691 870 2788 est,
903 2708 986 2765 ante
1004 2691 1114 2784 ipsum
1134 2693 1270 2771 inutilis
1291 2700 1398 2793 ipsine

237 2828 241 2835 ·
333 2795 444 2871 meliis
461 2810 601 2883 tempus
620 2807 795 2866 emortua.

439 2915 494 2966 11.
520 2892 589 2965 Sed
613 2893 693 2983 quia
716 2893 845 2964 horum
869 2887 1100 2967 edificiorum
1123 2890 1256 2967 foenum
1273 2916 1398 2973 carna·

333 2980 419 3067 lium
436 3013 586 3084 operum
600 2991 733 3064 sruiins
746 2988 815 3062 elie
829 2987 1075 3075 tractavimum
1102 2995 1400 3074 considerandum

254 3128 259 3141 ·
337 3092 405 3177 est,
432 3112 508 3183 quae
528 3091 730 3164 differentia
746 3089 786 3161 itt
806 3091 842 3160 in
862 3110 929 3171 eo,
956 3092 1014 3180 qui
1037 3092 1162 3182 implet
1178 3114 1335 3189 manum,
1363 3098 1399 3172 de

337 3193 615 3285 qui‘manipulos
632 3193 706 3264 srnu
721 3189 868 3284 colligit.
919 3187 1008 3261 Non
1025 3192 1117 3264 enim
1135 3194 1229 3267 idem
1247 3194 1309 3285 est,
1336 3217 1399 3270 ne·

338 3315 407 3384 que
424 3293 606 3384 Scriptura
634 3312 690 3363 res
708 3289 847 3362 easdem
865 3291 994 3361 iterare
1011 3291 1159 3384 geminis
1180 3296 1409 3370 elocutioni..

338 3395 404 3466 bus
423 3392 524 3464 solita
545 3391 616 3478 est3
641 3393 721 3484 plus
739 3388 790 3462 est
803 3390 895 3462 enim
911 3388 986 3463 stnu
1001 3390 1188 3486 colligere,
1214 3415 1319 3484 quam
1329 3419 1400 3472 mo·

337 3514 422 3565 num
442 3493 594 3582 replere.
646 3489 695 3560 Et
711 3490 872 3580 quidem,
899 3490 958 3580 qui
975 3511 1115 3564 manum
1136 3493 1297 3585 replent,
1325 3497 1400 3570 fru-

338 3590 430 3664 dium
450 3593 610 3683 recipere
632 3587 727 3661 reete
746 3588 923 3684 gestorum
947 3591 1132 3679 videntur:
1173 3595 1255 3682 quia
1270 3594 1305 3667 in
1326 3618 1401 3670 ma·

337 3694 442 3764 nibus
470 3690 584 3764 sermo
605 3691 749 3762 divinus
776 3708 888 3779 opera
905 3686 1094 3785 significan
1133 3692 1169 3763 in
1190 3692 1264 3764 srnu
1282 3716 1398 3786 vero,

339 3791 567 3863 conscientiae
593 3789 627 3862 dt
649 3786 753 3878 fidei,
792 3789 1006 3881 &persediae
1031 3792 1230 3864 voluntatis
1251 3794 1397 3867 demon·

337 3887 466 3961 stratur
483 3888 642 3962 assellus.
694 3891 775 3962 Plus
799 3891 892 3961 enim
908 3891 1010 3960 metit
1027 3888 1264 3981 conscientia,
1292 3913 1396 3981 quam

338 3984 450 4085 ¹gesta:
476 3989 552 4060 haec
570 4011 722 4079 namque
737 4009 877 4059 manum
893 3991 1056 4079 replent,
1082 3992 1282 4086 manipulos
1301 4010 1396 4064 vero

339 4091 398 4162 illa
423 4089 572 4184 colligit.
625 4087 731 4163 Duos
751 4087 918 4161 denarios
940 4090 1057 4162 vidue
1076 4091 1194 4185 inopis
1214 4092 1407 4181 acceptio,

1285 4210 1353 4271 les.
