3317 4900
1264 389 1278 432 Ι

339 421 387 559 5ἦ
466 497 468 502 ·
596 435 1061 538 '8.-Hll.au11
1165 468 1173 478 '

338 639 477 714 ¹aurum,
501 621 591 695 totis
608 620 737 696 nostre
752 625 879 698 mortis
895 620 1072 697 illecebris
1090 619 1260 716 spiritales
1276 625 1406 717 nequi·

282 781 288 798 ..
338 728 418 818 tiae,
457 725 490 796 da
514 724 603 795 aeris
619 723 722 813 hujus
739 724 893 798 virtutes
913 724 1196 804 circumvolant,
1232 745 1297 818 per
1316 729 1405 799 vitae

338 822 519 926 praesentis
534 821 733 901 molestias,
764 844 828 915 per
845 824 967 896 aliene
985 817 1186 896 voluntatis
1207 843 1327 898 mores
1352 825 1417 898 at·'

338 947 410 1020 que
426 923 604 997 lasciviam
619 922 842 1014 insidiantes,
859 937 910 996 .ut
924 921 1123 1014 irascamur,
1149 936 1192 995 ut
1208 924 1405 1019 oderimus,

337 1040 381 1100 ut
397 1045 572 1100 amemus:
598 1021 755 1112 undique
767 1021 1019 1114 exspeslamur,
1047 1022 1304 1118 &appetimur
1330 1024 1405 1097 Sci·

339 1147 403 1200 ens
427 1144 514 1218 ergo
534 1122 711 1195 Dominus
735 1143 811 1194 non
834 1120 1001 1196 aduersus
1023 1142 1187 1214 carnem,
1220 1122 1404 1219 &sangui-

338 1247 421 1301 nem
437 1224 543 1296 nobis
559 1242 712 1318 pugnam
728 1220 811 1313 elle,
839 1220 896 1294 sed
912 1220 1078 1295 adversus
1089 1223 1211 1312 mundi
1221 1223 1325 1316 hujus
1338 1245 1402 1315 po·

337 1317 481 1414 tentes,
509 1322 542 1394 dc
559 1323 734 1413 nequitias
751 1319 935 1413 spiritales,
962 1323 1011 1393 ait
1026 1319 1223 1417 Evangelia
1240 1321 1405 1396 consum·

338 1445 457 1502 mans:
482 1421 580 1494 Ecce
596 1441 664 1515 ego
680 1423 872 1495 vobiscum
889 1420 961 1495 sum
976 1423 1141 1493 omnibus
1153 1422 1272 1496 diebos
1287 1442 1403 1514 usque

337 1523 375 1601 ln
397 1521 738 1596 consummationem
757 1522 877 1598 seculi.
905 1583 910 1604 ,
934 1520 1048 1594 Adest
1066 1522 1177 1594 enim:
1205 1522 1238 1593 ds
1260 1542 1341 1593 cum
1363 1521 1406 1595 fi·

338 1623 684 1702 deliterinvocatur,
708 1641 771 1713 per
783 1636 942 1695 naturam
955 1621 1047 1693 suam
1061 1619 1280 1713 praesensest.
1322 1619 1404 1711 Spi-

338 1726 429 1802 ritus
457 1741 608 1810 namque
639 1720 689 1792 est
719 1724 840 1793 omnia
871 1734 1090 1813 penetrans,
1129 1720 1163 1792 dc
1192 1720 1401 1798 continens.

338 1822 429 1900 Non
448 1820 540 1893 enirn
562 1818 753 1892 secundum
773 1842 842 1891 nos
858 1819 1058 1912 corporalis
1080 1818 1144 1911 est,
1169 1833 1223 1911 ut,
1245 1840 1325 1894 cum
1342 1821 1405 1900 ali·-

290 1961 294 1972 ·
340 1922 425 1995 'ctrbi
444 1920 551 2011 adsit,
578 1920 664 1992 absit
682 1921 839 1991 aliunde:
864 1918 922 1992 sed
944 1919 1080 2010 virtute
1099 1907 1285 2012 praesenti,
1311 1919 1345 1991 &
1368 1918 1404 1994 se

341 2019 564 2114 quacumque
596 2019 647 2091 est
682 2020 812 2109 aliquid
845 2019 1071 2114 porrigenti,
1116 2039 1197 2094 cum
1235 2021 1402 2116 replente

335 2124 461 2219 omnia
482 2123 556 2210 ejus
580 2119 700 2212 spiritu
720 2120 756 2189 in
775 2117 941 2191 omnibus
962 2117 1027 2206 srt,
1060 2120 1250 2210 tamensi,
1288 2121 1347 2210 qui
1363 2120 1401 2193 in

338 2242 420 2295 eum
438 2221 582 2309 credat,
614 2216 736 2291 allistit
786 2216 889 2291 -Nam
907 2217 1091 2308 denibus,
1122 2222 1183 2292 vel
1202 2218 1344 2291 duobus
1362 2219 1401 2291 in

337 2325 486 2396 nomine
509 2317 572 2391 suo
597 2318 821 2414 congregatis
848 2318 916 2388 erit
931 2315 1100 2410 presens,
1137 2318 1224 2389 &in
1248 2317 1403 2391 circuitu

334 2421 464 2517 populi
483 2416 538 2491 sui
550 2415 601 2490 est
617 2438 662 2490 ex
685 2417 895 2511 hornum,
922 2417 1132 2509 &usquein
1152 2430 1333 2490 aeternum.

441 2542 476 2612 7.
503 2518 572 2590 Sed
590 2518 673 2609 quid
690 2518 750 2590 libi
766 2519 868 2609 vult,
897 2516 966 2591 elle
986 2538 1064 2590 curn
1088 2522 1125 2586 in
1147 2522 1280 2587 circuitu
1294 2517 1405 2614 popuii

337 2621 389 2709 [ul
406 2646 443 2690 ex
464 2623 519 2690 hnc
536 2643 645 2708 nunc,
681 2616 719 2691 (Ἰ
741 2643 837 2712 usque
858 2623 895 2686 in
915 2612 1076 2706 seculum?
1112 2620 1202 2709 Quia
1219 2640 1285 2688 nm
1301 2619 1404 2687 relin-

339 2738 414 2823 quet
433 2725 557 2812 virgam
573 2734 765 2813 peccatorum
774 2723 868 2810 super
883 2720 996 2805 serrem
1009 2717 1180 2813 justorum
1213 2734 1250 2788 ut
1267 2743 1332 2787 nou
1350 2744 1403 2788 ex·

339 2823 478 2892 rendam
494 2819 569 2913 jufti
582 2819 622 2887 ad
639 2821 843 2912 iniquitatem
860 2842 973 2888 marrus
983 2818 1070 2905 suas.
1123 2817 1164 2890 ln
1183 2819 1284 2912 virga
1299 2830 1404 2908 pote-

291 2915 293 2919 ’
338 2917 464 2992 statem
482 2916 630 3011 intelligi
653 2919 847 3005 convenit3
875 2916 1007 3012 infigne
1029 2919 1123 2992 enim
1141 2916 1326 3008 potestatis
1340 2915 1402 2989 est.

338 3018 488 3113 Virgam
513 3017 653 3109 accepit
678 3016 849 3109 Moyses,
882 3036 951 3107 qua
970 3015 1086 3107 pollet
1110 3017 1247 3089 omnia:
1282 3015 1352 3087 suit
1370 3016 1405 3087 tr

331 3121 442 3212 mirga
467 3114 606 3190 Aaron.
670 3114 739 3186 Sed
766 3116 832 3187 fuit
854 3115 886 3187 dr
906 3117 1006 3210 virga
1024 3114 1240 3206 Pharaonis,
1279 3114 1348 3189 fuit
1369 3115 1404 3187 dc

339 3218 441 3314 virga
455 3212 811 3290 Nabuchodonosor.
865 3211 963 3310 Ergo
976 3217 1010 3287 in
1024 3215 1176 3288 circuitu
1190 3235 1257 3287 nos
1275 3213 1404 3287 Domi-

332 3336 407 3390 nsts
431 3315 604 3388 custodit:
639 3336 685 3388 ne
707 3315 809 3411 super
833 3311 965 3387 sortem
992 3313 1146 3388 nostram
1169 3324 1404 3406 peccatorum

310 3464 312 3475 .
338 3418 441 3512 virga
459 3415 736 3506 derelinquatur.
781 3415 962 3496 ¹Veniunt
978 3415 1117 3504 quidem
1133 3414 1405 3504 tribulationes,

268 3525 283 3561 '¹
338 3512 399 3589 sed
417 3535 492 3587 non
507 3528 735 3607 permanent:
761 3515 915 3586 veniunt
934 3512 1224 3606 persecutiones,
1250 3509 1309 3584 sed
1328 3534 1405 3584 non

339 3613 539 3711 persrstunt.
590 3611 702 3685 Multi
721 3612 881 3708 redigere
902 3613 1105 3685 libertatem
1121 3608 1204 3683 fidei
1219 3611 1350 3684 nostre
1367 3613 1405 3684 in

341 3713 749 3809 captivitatemvolunt:
775 3711 833 3785 sed
851 3731 1119 3785 cousrsrour
1133 3709 1278 3802 nostrae,
1299 3732 1404 3803 quam

286 3862 289 3869 -
340 3812 378 3885 in
406 3811 547 3887 Christo
570 3813 760 3901 habemus,
792 3832 902 3886 nemo
925 3811 1138 3886 dominatur.
1203 3809 1291 3883 Non
1309 3809 1404 3886 enim

327 3908 444 4002 super
463 3912 598 3989 sortem
615 3910 770 3983 nostram
786 3913 989 4002 peccatoris
1006 3911 1105 4003 virga
1126 3910 1405 3998 derelinquetur.
1423 3962 1433 3971 ,

339 4008 521 4084 Dominus
546 4030 699 4103 namque
724 4009 759 4081 in
781 4011 934 4081 circuitu
956 4011 1081 4101 populi
1110 4008 1159 4081 sui
1183 4011 1233 4083 est
1248 4010 1283 4080 in
1303 4019 1407 4078 aeter-

324 4114 444 4185 'num
478 4119 525 4183 ne
545 4109 655 4203 viui,
688 4109 721 4181 dr
739 4109 876 4206 fatigati
890 4109 1001 4206 virge
1019 4112 1191 4204 imperio,
1217 4109 1259 4183 ad
1278 4107 1408 4197 iniqui·

817 4254 828 4265 -
1243 4220 1355 4282 tatem
