3317 4900
337 409 626 562 Teucrique
651 421 1231 591 rnCX'XXVIIIAEsnnnurr.
1284 497 1354 569 211

287 639 388 723 steila
403 661 424 716 a
438 627 538 716 st'ellr
555 631 728 713 differtin
744 636 880 735 glorie,
914 637 1034 732 piures
1057 641 1092 712 in
1109 642 1202 715 libro
1225 642 1354 717 viven-

291 749 512 821 tiumerunt.
562 735 650 835 Justi
661 751 777 812 autern
791 738 828 811 in
842 740 937 811 libro
948 739 1015 812 Dei
1028 736 1243 815 scribentur:
1270 745 1353 836 quie

248 865 253 872 ·
290 857 509 942 peccatores
528 857 602 912 non
618 836 729 910 nodo
747 856 827 911 curn
841 834 940 930 justis
961 857 1036 911 non
1052 836 1268 915 scribentur:
1293 842 1353 918 sed
1394 841 1396 850 ⁸

290 963 340 1020 ne
355 946 391 1017 in
406 943 501 1014 libro
515 939 655 1030 quidem
674 940 876 1011 viventium
895 940 1150 1030 relinquentur.

295 1115 297 1121 ,
396 1058 453 1134 37.
478 1037 546 1112 Sed
568 1038 812 1111 contuendum
836 1038 906 1129 est,
938 1039 997 1128 qui
1023 1035 1204 1131 protenus
1226 1038 1352 1119 eoruni

292 1140 359 1233 nt,
392 1137 510 1232 quiin
532 1138 626 1210 libro
648 1135 717 1210 Dei
733 1136 942 1213 scribentur.
1006 1138 1147 1232 Nempe
1163 1135 1215 1213 isti
1233 1144 1281 1212 die
1304 1166 1353 1213 re·

287 1242 483 1342 ficiuntur,
516 1237 665 1332 omma
687 1261 724 1305 m
745 1240 808 1307 iris.
870 1234 912 1311 ln
933 1237 1141 1330 quibusdam
1164 1240 1351 1314 codicibus

293 1343 345 1415 itt
370 1339 535 1435 legimus:
578 1342 641 1409 Die
654 1336 895 1428 formabuntur.
958 1332 1041 1409 Nec
1062 1339 1212 1413 multum
1230 1338 1353 1414 differt

292 1441 421 1534 repleri
439 1439 473 1510 ut
491 1434 648 1511 formari.
707 1433 916 1511 Formarum·
932 1441 1046 1529 enirn,
1084 1452 1125 1510 ut
1143 1433 1352 1513 conformer

291 1542 394 1615 fimus
415 1539 538 1634 glorie
557 1534 731 1626 corporis.
747 1532 827 1609 Dei.
878 1531 924 1607 Et
948 1531 1112 1627 Apostoli
1134 1537 1263 1612 ditium
1283 1538 1352 1613 este

291 1635 434 1731 iinon,
459 1638 695 1729 quos-iterum
709 1632 883 1723 parturio,
911 1634 1028 1707 donec
1047 1632 1204 1711 Christus
1221 1634 1354 1712 forme·

292 1752 351 1812 tur
367 1742 403 1811 in
416 1737 535 1812 vobin
587 1730 1352 1826 ReplemurautenrsecundumdiiiumPro·

292 1837 429 1935 phere:
453 1835 684 1929 Repiebirnur
703 1836 746 1905 ab
768 1834 935 1904 ubertate
951 1835 1078 1906 domus
1097 1850 1183 1907 tuae:
1212 1838 1353 1909 Dicite·

292 1955 365 2027 que
387 1937 593 2025 replebuntur,
619 1934 655 2005 id
671 1925 733 2010 eii,
760 1930 1014 2005 veroiumine:
1041 1927 1129 2026 (iux
1146 1934 1238 2009 enim
1252 1933 1355 2010 Chri·

292 2036 367 2108 stus
390 2030 450 2107 est.
503 2031 589 2104 Erat
609 2029 701 2118 enim
730 2033 791 2105 lun
812 2048 922 2123 verr,
948 2048 1024 2122 que
1039 2028 1197 2105 lucificat
1209 2031 1354 2111 omnem

295 2130 478 2208 hominem
508 2132 714 2205 uenientem
740 2133 776 2202 in
800 2132 898 2205 huno
925 2130 1143 2229 mundum)
1177 2149 1254 2205 non
1281 2131 1354 2227 jem

293 2230 505 2330 ignorantie
526 2229 634 2303 notio
661 2228 820 2326 detenti,
854 2250 971 2321 neque
996 2233 1154 2304 tenebris
1175 2227 1281 2325 hujus
1306 2232 1356 2306 se·
1383 2271 1385 2278 ,

294 2331 367 2405 cuii
384 2330 490 2424 ceci,
523 2326 582 2404 se'd
600 2331 764 2401 veritatis
780 2326 863 2402 luce
882 2329 1065 2404 illuminati
1086 2327 1119 2403 δι
1137 2326 1195 2404 die
1212 2329 1355 2424 repleti.

295 2428 408 2531 Quod
431 2443 550 2507 eutem
573 2430 749 2523 repletum
771 2422 845 2523 est,
876 2430 962 2503 nihil
985 2443 1113 2523 praeter
1128 2428 1185 2514 id,
1221 2450 1265 2505 ex
1281 2450 1357 2524 quo

294 2534 438 2626 pienum
454 2526 527 2625 est,
552 2529 693 2621 recipit.
745 2522 834 2602 Nox
855 2526 1000 2603 enimin
1022 2548 1125 2622 eum,
1151 2528 1210 2623 qui
1229 2527 1357 2604 diere·

293 2631 412 2723 pietus
438 2624 510 2720 est,
536 2646 612 2703 non
633 2640 820 2722 penetrat,
852 2622 1042 2703 secundun
1064 2625 1152 2702 iilud
1171 2624 1355 2720 Apostoli:

295 2730 389 2827 Quae
415 2728 508 2801 enim
528 2726 755 2820 participatio
778 2722 829 2801 est
847 2728 916 2799 ioci
940 2729 982 2800 ad
999 2728 1190 2802 tenebrati
1223 2726 1355 2822 Neque

292 2821 412 2902 sedem
429 2824 578 2920 Spiritus
593 2820 719 2901 Christi
731 2825 804 2899 adit
819 2822 958 2919 spiritur
973 2828 1107 2919 mundi,
1134 2826 1356 2922 utseriqitunt

293 2922 360 3002 est:
397 2922 486 3015 Vos·
499 2924 592 3001 enirn
612 2942 688 2999 non
708 2917 866 3018 spiritum
889 2924 1130 3019 hujusmundi
1148 2929 1355 3024 accepistis,

292 3018 537 3120 sedspnirun
563 3020 826 3118 quirDeoest.
878 3020 1021 3118 Neque,
1048 3029 1356 3118 quimundonor·

293 3119 454 3215 tuerere,
480 3121 657 3216 vivitirbi‚
682 3119 1116 3218 sreutApostoiurdocet:
1141 3120 1245 3201 Vivo
1260 3129 1355 3202 enirn

290 3222 362 3320 jun
384 3241 461 3299 non
479 3231 501 3299 e
526 3240 571 3319 o,
604 3227 701 3298 vivit
721 3235 840 3298 autern
859 3227 895 3298 in
913 3246 970 3299 nne
984 3220 1155 3301 Christus.
1207 3225 1280 3327 Qui
1297 3224 1356 3300 die

295 3242 893 3520 interimitur?
916 3318 1111 3498 sinn
1128 3320 1354 3518 nint

297 3530 355 3595 ter
370 3521 482 3617 diem,
508 3539 582 3616 quo
598 3520 727 3619 repleti
741 3516 838 3595 sunt:
863 3528 1111 3617 nonpecuniae
1128 3519 1250 3615 ustus,
1277 3539 1355 3597 non

297 3619 528 3713 voluptatum
555 3617 735 3716 stimulor,
767 3638 845 3695 non
878 3619 1238 3715 annuntientur,
1276 3637 1355 3697 non

298 3715 469 3795 odiorurir
484 3718 703 3820 ninguine,
738 3737 813 3795 non
827 3718 971 3797 invidie
984 3720 1150 3816 aculeue,
1176 3738 1252 3794 non
1268 3723 1356 3797 coo·

296 3818 479 3894 viciorum
496 3816 618 3914 furor,
644 3838 719 3896 non
737 3815 907 3915 superbie
920 3821 1091 3914 tinentia,
1117 3837 1193 3895 non
1212 3832 1355 3916 cetere,

296 3935 379 4094 que
396 3916 529 3992 diaboii
545 3914 647 4010 sunt,
671 3938 766 3995 erm·
780 3932 889 4010 etque
906 3918 1081 4007 virtutee;
1107 3913 1355 4014 seciorem,

313 4015 359 4095 ed
372 4014 449 4095 dier
461 4014 550 4123 sole,
572 4012 641 4116 qui
652 4023 780 4129 septen
792 4014 894 4193 sorren
918 4016 1358 4116 eeteruunquoquejem

309 4162 311 4167 -
517 4138 520 4147 ·
688 4186 692 4191 .
784 4158 786 4163 ·
855 4134 877 4192 c
1061 4190 1067 4197 .
1187 4129 1345 4196 terum·
