3317 4900
297 413 380 516 ¹296
588 381 1033 486 'Ssilrttmr

307 575 431 651 auditu
448 571 608 666 capitur,
633 591 702 644 nec
718 584 841 644 mente
856 571 1076 664 percipitur,
1102 569 1275 665 quidquid
1292 571 1386 650 illud

305 675 426 752 Beatis
444 675 739 746 aeternisbeatum
752 684 995 761 aeternumque
1008 673 1245 765 promittitur.
1301 673 1385 748 Sol·

306 793 443 848 ventur
462 775 568 868 igitur
585 774 659 856 hac
677 774 795 842 omnia
813 771 929 860 nivis,
962 773 1116 860 pruinae,
1143 771 1302 864 crystalli
1320 773 1384 847 sri-

307 896 418 972 gora‚
454 889 631 962 tamquam
654 871 740 942 flatu
758 872 917 962 tepenti,
951 884 1026 944 tum
1047 892 1127 945 cum
1146 871 1230 964 post
1244 873 1316 946 hos
1332 874 1382 948 se·

308 977 437 1048 cularis
461 971 576 1044 noilis
604 973 761 1064 rigores,
799 984 964 1062 tempora
989 972 1049 1042 illa
1076 973 1175 1065 regni
1199 975 1328 1046 aeterni
1344 974 1382 1048 in

307 1095 413 1148 unam
437 1091 543 1162 atque
568 1071 858 1145 indemutabilem
882 1070 1173 1163 tranquillitatem
1189 1071 1265 1146 Dei
1286 1071 1383 1170 spiri·

308 1185 367 1248 tus
391 1173 616 1265 temperabit.

409 1296 446 1362 p.
477 1271 597 1358 Atque
620 1284 660 1340 ut
677 1266 737 1341 sub
754 1270 848 1342 nivis
869 1268 1074 1362 strebula,
1101 1268 1135 1342 dc
1150 1271 1311 1364 crystalli
1326 1274 1383 1348 sri-

311 1392 402 1470 gore
418 1371 634 1444 intolerabili
653 1368 676 1441 sr
701 1382 883 1459 maneret,
911 1370 981 1443 Dei
997 1384 1115 1444 tamen
1132 1371 1260 1464 spiritu
1276 1376 1315 1446 in
1327 1376 1381 1464 de
1438 1401 1446 1418 ·

310 1474 456 1562 liquium
477 1470 719 1561 resolvendo,
745 1466 950 1563 significasse
970 1471 1062 1544 illam
1078 1473 1200 1544 aeterni
1217 1477 1325 1568 regni
1342 1497 1382 1560 aa·

310 1583 420 1646 terno
445 1573 583 1664 populo
611 1572 749 1643 beatam
777 1570 985 1660 temperiem
1014 1569 1264 1665 nosceremus,
1295 1571 1383 1648 Psal-

310 1693 406 1748 mum
426 1669 605 1761 Propheta
622 1669 682 1740 tali
704 1668 924 1744 confessione
938 1670 1129 1770 conclusit:
1155 1677 1246 1742 Ante
1261 1673 1381 1766 facian

305 1769 442 1866 frigoris
460 1775 524 1867 ejus
545 1776 615 1867 quis
632 1766 818 1854 [ullinehrts
849 1771 986 1840 Emitte!
999 1772 1127 1840 verbnm
1137 1772 1256 1859 suum,
1283 1774 1326 1851 δ
1345 1777 1382 1846 si·

310 1871 467 1970 quesacict
493 1893 550 1958 ειη
581 1869 679 1965 flabit
699 1870 837 1959 saisitus
854 1873 940 1963 ejus,
978 1868 1017 1944 (Ἰ
1027 1870 1249 1968 fluentaquae.
1316 1876 1383 1970 Qui

309 1971 729 2056 mnunriatoerbumsuum
742 1968 853 2066 Jacob,
867 1969 1057 2064 jusiitias&
1062 1971 1181 2066 juditio
1192 1973 1256 2052 suo
1271 1978 1382 2050 Israel.

313 2065 392 2148 Mn
403 2069 486 2160 fecit
501 2073 612 2142 taliter
628 2075 714 2138 omni
730 2073 878 2152 nationi,
904 2068 940 2144 θ
955 2071 1078 2164 judicio
1091 2071 1148 2158 suo
1161 2098 1231 2143 non
1247 2077 1383 2170 manife-

306 2169 411 2270 stavit
433 2177 489 2244 eis.
549 2168 738 2240 Peculiaris
767 2167 844 2240 baec
860 2171 896 2240 in
916 2169 1030 2262 Jacob
1052 2171 1084 2242 b
1103 2173 1211 2246 lsrael
1229 2173 1304 2248 Dei
1323 2199 1384 2248 vo·

312 2271 430 2346 luntas
447 2267 514 2344 esi:
547 2290 621 2340 non
645 2271 680 2340 in
703 2289 783 2340 eum
798 2269 928 2356 lsrael,
955 2289 1074 2361 nequo
1089 2272 1124 2343 in
1144 2293 1229 2346 eum
1246 2277 1384 2370 Jacob,

230 2403 233 2451 ;
314 2373 373 2464 qui
390 2373 462 2444 hoc
482 2369 647 2460 corporis
666 2388 799 2440 nomen
821 2369 864 2440 ad
884 2365 1045 2442 solatium
1061 2372 1175 2443 veluti
1198 2374 1385 2469 generosa

305 2472 351 2547 -in
366 2470 398 2543 se
418 2470 531 2560 stirpis
553 2469 797 2559 ampsedbitur3
835 2468 892 2540 se'd
909 2471 945 2540 in
967 2490 1045 2541 eum
1063 2471 1197 2563 Jacob,
1228 2480 1293 2567 qui
1314 2476 1384 2571 sup

310 2572 492 2665 plantavit
518 2570 696 2659 priorem,
737 2570 796 2658 qui
821 2569 1060 2663 primogenita
1085 2569 1143 2662 spe
1168 2578 1384 2649 aeternltatit

312 2670 421 2756 emit,
450 2670 506 2740 cni
527 2669 632 2739 lsrael
652 2670 695 2740 de
721 2668 803 2738 Deo
822 2667 982 2740 videndo
1005 2690 1212 2764 cognomen
1232 2673 1301 2765 est,
1330 2676 1384 2767 qui

312 2768 386 2863 ipse
404 2767 594 2861 Jerusalem
621 2768 653 2837 δι
673 2768 767 2859 pacis
787 2766 837 2838 est
858 2770 1006 2860 civitas,
1041 2774 1099 2859 qui
1118 2769 1324 2847 edificatus
1339 2775 1385 2848 su-

313 2888 376 2963 pra
393 2883 528 2958 petram
548 2864 651 2957 fidei,
679 2864 900 2938 confirmatis
918 2885 1102 2956 portarum
1117 2868 1225 2962 seris,
1254 2874 1384 2947 sortio-

311 2988 370 3041 res
395 2981 580 3061 portarum
606 2981 728 3057 portas
754 2966 858 3036 inseri
885 2971 1086 3060 obtinebit,
1125 2972 1243 3061 quiin
1267 2978 1383 3047 verbo

310 3064 384 3143 Dei
402 3082 662 3159 congregatur,
689 3066 746 3155 qui
766 3086 841 3136 non
860 3068 981 3155 inopia
999 3083 1094 3160 eget,
1122 3091 1198 3143 non
1216 3071 1382 3147 secularis

312 3166 442 3263 rigoris
467 3166 600 3260 frigore
620 3166 806 3250 aduretur3
842 3163 898 3236 sed
916 3167 1111 3254 liquesasiis
1130 3174 1329 3265 omnibus,
1354 3173 1383 3245 dt

313 3264 386 3339 Dei
407 3264 527 3357 spiritu
550 3263 719 3336 absolutis
741 3267 916 3356 temperie
932 3281 1073 3340 aetcrnae
1090 3266 1296 3344 serenitatis
1313 3287 1383 3345 ute·

313 3380 385 3441 tur.
446 3360 539 3437 Huic
561 3364 814 3456 pronuntiatur
830 3364 903 3437 hoc
921 3368 1092 3460 verbum,
1127 3369 1185 3441 hic
1204 3392 1274 3461 per
1292 3371 1382 3465 spiri·

312 3466 421 3541 talem
436 3465 704 3560 intelligentiam
722 3465 783 3535 lias
800 3463 870 3537 Dei
883 3466 1045 3555 justitias,
1073 3468 1250 3557 &judicia
1263 3471 1381 3565 exspe

315 3564 421 3653 stat„
450 3561 606 3637 Consors
628 3564 715 3634 boni
737 3564 841 3652 hujus
859 3567 956 3637 nulla
970 3587 1057 3661 gens
1074 3568 1138 3639 alia
1163 3567 1237 3661 est,
1263 3591 1381 3662 neque

312 3664 409 3739 hanc
434 3664 556 3754 judicii
582 3664 731 3758 gloriam
759 3660 947 3737 infidelitas
967 3665 1160 3761 irreligiosa
1177 3668 1380 3765 cognoscit

313 3762 357 3839 ln
378 3762 434 3835 sua
450 3765 542 3837 enim
556 3765 674 3852 venit,
701 3758 796 3833 &sui
809 3784 975 3837 eumnon
986 3781 1215 3858 receperunt.
1264 3774 1380 3869 Quot·

315 3878 407 3954 quot
435 3876 552 3936 autem
582 3876 818 3956 receperunt,
852 3862 950 3934 dedit
971 3867 1022 3937 eit
1046 3864 1264 3957 potestatem
1291 3867 1377 3943 filios

313 3960 386 4039 Dei
414 3958 490 4035 lieri
511 3962 689 4034 Dominus
714 3962 835 4033 noster
856 3962 956 4056 Jesus
973 3962 1151 4060 Christus,
1174 3969 1239 4058 qui
1257 3969 1313 4044 est
1325 3972 1378 4042 be·

312 4062 475 4142 nedictus
495 4063 533 4142 in
551 4059 667 4141 secula
682 4060 894 4147 seculorum.
945 4063 1078 4140 Amen.
1171 4160 1278 4240 Μ
