3317 4900
400 401 689 536 Tancrncus
713 475 765 531 nc
790 401 932 533 cxlii.
955 456 1194 576 Pssumum
1282 483 1330 546 u

259 622 403 717 Atquin
419 621 516 716 idem
536 618 736 694 a'Domino
749 618 926 692 audierat:
951 616 1073 708 Prius,
1090 631 1195 712 quam
1206 633 1243 698 te
1255 623 1332 698 for.

259 746 395 802 marem
414 726 453 796 in
472 729 602 811 utero,
634 720 726 793 novi
744 733 803 805 te3
838 719 1007 811 husius,
1033 725 1265 816 quamexires
1282 727 1330 802 dc
1410 711 1417 738 ¹

261 827 397 917 vulva,
432 816 647 895 sanetificavi
663 833 712 894 te.
771 819 870 918 Quid
891 817 1009 916 ergoi
1043 819 1241 896 Maledicat
1258 823 1330 902 effe

260 926 311 1015 se,
338 925 515 1017 quiante,
543 939 647 1012 quam
664 917 763 1011 effet,
791 918 926 992 &Deo
939 920 1108 1016 cognitus
1123 922 1188 1015 est,
1213 921 1331 1000 &san-

260 1024 438 1100 ctificetur
451 1027 476 1095 'a
484 1020 573 1094 Deo
592 1018 668 1094 est?
694 1019 796 1093 Abit
813 1018 916 1093 istud.
964 1017 1058 1094 Nou
1079 1022 1173 1096 enim
1190 1023 1270 1098 hoc
1289 1026 1329 1102 iu

258 1125 320 1217 se,
357 1122 454 1215 quod
472 1117 707 1195 sanctificatus
722 1118 793 1210 ost,
821 1120 916 1193 odit:
943 1117 1002 1193 sed
1021 1142 1083 1213 ea,
1109 1143 1188 1216 quc
1203 1124 1240 1199 in
1254 1123 1330 1200 sau·

260 1221 515 1298 ctificationem
534 1218 842 1313 consecutasunt,
874 1217 1076 1313 maledicit,
1114 1221 1330 1318 provectum

259 1325 299 1399 se
326 1323 458 1397 scilicet
483 1340 548 1415 per
572 1321 793 1394 incrementa
816 1321 986 1413 corporis
1003 1323 1041 1394 in
1063 1322 1128 1398 has
1149 1323 1330 1402 molestius

260 1424 432 1519 corporei
450 1422 643 1494 incolatus.
693 1419 884 1493 Formatus
900 1422 993 1496 enim
1006 1420 1101 1494 intra
1113 1425 1236 1516 mattis
1250 1426 1331 1500 vul·

261 1545 369 1615 vam,
395 1523 508 1616 &per
520 1523 693 1592 virtutem
704 1516 888 1593 Creatoris
900 1517 950 1594 sui
961 1522 997 1594 in
1009 1518 1332 1602 substantiaanimc

263 1625 307 1699 cd
322 1623 393 1697 Dei
408 1621 599 1717 imaginem
617 1615 804 1715 figuratus,
830 1640 905 1693 non
922 1637 1138 1715 conceptus,
1163 1622 1332 1723 necfigua

263 1723 416 1798 rationis
431 1720 660 1810 suar-ortum,
688 1716 747 1791 sed
764 1739 869 1810 eum,
894 1720 956 1814 qui
971 1741 1016 1794 ex
1031 1721 1258 1820 incremento
1273 1745 1332 1802 ac-

264 1823 361 1900 ceilit
380 1818 582 1917 profectum
607 1819 693 1893 editi
722 1819 891 1911 corporis
915 1821 1162 1915 congemiscit,
1192 1827 1331 1918 inquo

263 1924 328 2000 libi
348 1925 387 1996 in
411 1922 512 1994 malis
531 1918 658 2012 seculi,
692 1917 726 1992 ἃ
748 1915 1016 1996 infirmitatibus
1033 1924 1146 1994 carnis
1159 1926 1332 2022 victisque

261 2021 466 2097 vivendum
482 2020 534 2094 ht.
587 2020 670 2114 'Janr
687 2032 808 2094 tamen
832 2018 1066 2094 conformato
1082 2022 1118 2092 in
1134 2033 1269 2118 utero,
1296 2025 1333 2100 uc

262 2116 671 2211 involvasanstificato,
696 2117 813 2211 specie
824 2117 903 2192 inse
914 2121 1062 2213 originis
1073 2122 1332 2199 coelestisaeteo
1440 2123 1444 2128 '

263 2243 336 2315 na,
362 2240 438 2295 non
458 2219 680 2314 ambiguum,
707 2220 792 2310 quin
808 2241 853 2290 ex
873 2219 944 2292 Dei
961 2217 1348 2320 sanctificatioucpost·

264 2324 383 2421 legem
401 2321 531 2396 mortis
551 2319 656 2410 huJus
677 2315 764 2394 silet
780 2315 961 2391 mansurus
978 2334 1143 2396 aeternus.

371 2442 427 2514 13.
452 2418 524 2495 Sed
542 2417 734 2512 Prophetes
749 2418 852 2511 hujus
870 2438 945 2493 non
957 2422 1108 2496 multum
1123 2423 1233 2518 longe
1244 2423 1333 2507 aliua

266 2520 416 2598 effectus
430 2519 494 2614 est,
520 2540 626 2612 quam
638 2519 709 2613 Job
725 2533 831 2611 atque
843 2520 1017 2614 Jercmiae.
1068 2520 1159 2595 Non
1176 2524 1335 2599 enimin·

268 2625 451 2710 colatum,
482 2618 543 2693 sed
555 2621 809 2713 prolongatum
826 2619 1027 2693 incolatum
1042 2617 1140 2695 suum
1160 2624 1333 2714 queritur.

266 2721 367 2795 Nam
382 2719 466 2812 post·
479 2720 613 2812 prolixi
629 2719 732 2809 huius
749 2720 929 2793 incolatus
947 2718 997 2793 sui
1018 2723 1220 2815 querelam,
1236 2744 1335 2801 con·

268 2820 431 2911 sequitur
460 2819 504 2892 ad
531 2819 588 2910 id,
628 2817 726 2910 quod
758 2818 825 2891 ait:
864 2822 939 2890 Heu
968 2816 1035 2895 mc!
1067 2825 1145 2918 quod
1174 2824 1334 2899 incolatus

268 2946 355 2992 meur
368 2921 572 3016 prolongatur
586 2918 645 3016 efi3
676 2919 724 2989 Et
741 2919 968 2989 habitatricem
984 2921 1204 2995 habitantibus
1219 2927 1332 3001 cedar.

270 3019 388 3094 Cedar
404 3040 491 3115 gens
508 3018 559 3092 est
572 3016 855 3121 ismahelitarum
871 3017 1008 3093 deserte
1027 3021 1212 3118 incolens,
1236 3027 1336 3119 cujus

271 3117 361 3193 fines
375 3116 488 3211 usque
507 3119 548 3190 ad
572 3118 707 3191 Medos
728 3118 761 3191 δι
779 3116 1184 3212 Persasproferuntur,¹
1217 3125 1336 3199 Cedat

274 3222 366 3293 enim
388 3221 515 3292 lsrnael
534 3214 625 3289 filius
643 3218 733 3307 fuit,
760 3216 888 3292 Genesi
906 3218 1077 3294 testante:
1107 3223 1335 3316 Primitivus,

274 3314 410 3411 inquit,
436 3317 564 3391 ismael
584 3317 770 3390 Nabaioth
784 3317 817 3388 δι
833 3315 969 3391 Cedat:
1003 3320 1051 3393 Hi
1068 3321 1148 3396 sunt
1162 3344 1259 3397 nunc
1276 3322 1337 3397 Su·

274 3418 396 3493 raceni
415 3418 622 3508 nuncupati.
675 3417 749 3513 Qui
765 3437 851 3511 ergo
865 3416 1015 3508 psalmos
1028 3419 1113 3494 istos
1127 3438 1275 3496 terreno
1285 3424 1337 3497 inr
1425 3496 1431 3517 ι

275 3521 385 3617 genio
401 3516 654 3611 intelligendos
672 3528 818 3607 putant,
845 3518 880 3587 id
897 3519 1031 3593 volunt
1045 3544 1090 3593 cx
1105 3521 1257 3611 persona
1273 3540 1340 3614 po·

275 3621 351 3713 puli
374 3619 508 3710 captivi
528 3617 744 3712 Prophetam
770 3616 1003 3706 conquestum
1027 3619 1148 3715 suillo,
1185 3622 1283 3710 quod
1299 3622 1338 3697 in

273 3718 487 3795 habitaculis
505 3715 621 3791 Cedar
637 3717 766 3809 longus
783 3719 816 3787 ei
828 3714 1137 3793 fueritincolatus.
1189 3719 1257 3793 Sed
1269 3725 1340 3797 vit·

274 3834 395 3893 tutem
413 3816 603 3890 verbinon
619 3816 872 3910 intelligentes,
898 3836 966 3892 nec
977 3817 1168 3910 Prophetae
1181 3822 1339 3914 spirirum

275 3918 498 4006 sentientes,
533 3915 779 3988 auctoritatem
796 3918 954 3991 nominis
971 3917 1015 3988 ad
1030 3915 1342 3998 confirmationem

276 4019 394 4095 stultae
405 4016 587 4109 opinionis
598 4014 784 4104 ailumunt,
811 4014 944 4107 psalmo
956 4019 1105 4090 omnino
1115 4020 1216 4117 nihil,
1242 4022 1342 4114 quod

281 4117 488 4219 captivitati
504 4115 629 4215 populi
645 4128 841 4214 congruat,
869 4116 1094 4202 continente.

1149 4246 1215 4319 tc.
1234 4220 1309 4299 Qu·
