3317 4900
585 473 635 574 rra
659 494 856 576 Scnrera
881 492 1113 596 Hiram„
1263 521 1367 582 xxxv
1416 585 1419 592 ,

321 701 324 706 ·
399 658 458 735 Ex
473 659 551 734 aliia
564 659 685 732 verbis
705 655 803 731 Pauli
820 680 858 735 v.
873 682 909 755 9.
925 661 1074 755 Resurget
1085 681 1192 760 corpur
1201 663 1360 762 spiritale.

297 780 455 877 absorpta
474 779 515 877 ιβ
531 801 621 852 mors.
687 782 732 861 Ur
739 780 783 874 fit
801 783 887 853 Deus
904 788 1010 853 emnia
1024 808 1062 853 ex
1078 786 1238 880 pmuiim
1271 787 1360 864 defi.

296 902 444 977 milibus
460 896 623 992 expresse
638 895 718 973 sunt
731 898 860 975 Hiitrii
876 900 921 975 de
938 902 1054 997 gioria
1070 900 1218 997 Christi,
1244 905 1359 982 borni·
1392 885 1398 898 ’

253 1043 256 1116 ζ
294 1039 436 1096 numve
452 1019 671 1095 locutiones.
1205 1069 1209 1076 ,

252 1187 255 1280 P
295 1331 299 1342 ,
394 1260 429 1336 6.
456 1256 547 1333 Cum
576 1260 620 1334 ad
655 1216 808 1356 gloriam
835 1258 963 1334 Christi
997 1263 1177 1355 pertineat
1208 1221 1394 1364 regnum!

296 1379 437 1473 ipsius,
457 1378 576 1473 iicq'ue
602 1381 647 1452 de
665 1401 712 1452 eo
728 1380 898 1472 loquatur
910 1378 1088 1476 Hilarius,
1114 1395 1156 1460 ut
1174 1382 1358 1462 difficulta-

293 1513 350 1575 tea
376 1519 453 1573 non
472 1497 607 1591 desint,
646 1499 707 1572 bas
726 1517 871 1589 quoque
889 1518 935 1573 ex
954 1499 1189 1595 consequenti
1204 1507 1360 1601 compla-

252 1601 259 1686 ἶ
293 1640 403 1713 nare,
430 1633 491 1690 aut
507 1616 628 1692 saltem
641 1616 909 1712 premonstrare
924 1622 1144 1698 conabimur.

396 1736 573 1813 Christum
598 1759 668 1832 pro
693 1738 825 1831 duplici
846 1750 989 1833 nanrra,
1024 1741 1154 1835 duplici
1176 1743 1283 1842 etiam
1304 1765 1359 1823 ra·

251 1829 258 1868 '
291 1860 401 1934 tione
422 1875 630 1955 regnantem
654 1857 870 1932 considerat.
931 1854 982 1930 Et
1001 1858 1046 1932 de
1073 1859 1357 1956 divina-quidem

251 2015 254 2022 ·
295 1979 404 2076 ipsrus
417 1995 543 2053 natura
557 1980 617 2054 ubi
631 1977 721 2051 dixit
736 1973 837 2053 ini’s.
857 1980 916 2066 65.
934 1983 1036 2070 pra.
1055 1979 1206 2073 „lllaut
1220 1980 1357 2080 semper

295 2100 351 2175 cst
365 2099 571 2190 dominans,
596 2099 692 2173 ita&
712 2098 955 2172 dominabitur
971 2094 1160 2190 semper:“
1185 2106 1218 2193 §.
1236 2123 1290 2193 13.
1311 2105 1358 2181 de

295 2220 454 2296 bumana
473 2214 630 2310 subjicit:
656 2216 910 2313 „Unigenitus
919 2215 990 2291 Dei
1006 2213 1099 2292 filius
1119 2218 1180 2293 etfi
1194 2226 1360 2322 regnavit
1409 2213 1411 2218 ’

251 2343 255 2428 ζ
298 2336 456 2434 semper,
482 2352 697 2414 nontamen
718 2336 852 2429 semper
871 2337 1036 2435 regnavit
1057 2340 1092 2410 in
1115 2343 1323 2434 cor-pore.“

397 2455 530 2555 Neque
552 2460 597 2533 de
615 2460 690 2534 hoc
707 2455 922 2551 sempiterno
940 2455 1067 2531 Christi
1087 2478 1202 2556 regno
1222 2464 1292 2535 ulla
1310 2461 1362 2539 est

251 2636 252 2643 κ
296 2576 520 2672 disceptandi
535 2579 647 2655 causa.
698 2576 770 2651 Ubi
786 2577 882 2652 enim
903 2576 1059 2650 Hilarius
1074 2598 1178 2651 unam
1200 2581 1270 2655 Dei
1285 2585 1361 2658 uni·

251 2696 252 2703 '
297 2699 410 2797 geniti
428 2719 508 2776 curn
524 2699 630 2772 Patre
649 2700 820 2794 gloriam,
846 2696 1036 2789 virtutem,
1062 2696 1291 2795 potestatem,
1317 2723 1361 2777 ac

294 2812 465 2893 naturam
480 2815 550 2893 eise
565 2815 805 2909 demonstrat,
837 2817 972 2888 nulium
990 2817 1024 2889 in
1041 2818 1227 2910 utriusque
1243 2841 1359 2917 regno
1433 2794 1439 2821 Χ

250 3010 252 3019 .
296 2937 486 3013 discrimen
505 2936 713 3030 ponendum
730 2934 820 3028 eise,
847 2953 916 3029 pro
936 2950 1039 3008 certo
1058 2936 1255 3016 constituit.

384 3058 557 3139 ,suffitum
579 3057 687 3151 igitur
711 3054 857 3150 quaestio
881 3058 964 3128 tota
976 3052 1027 3129 est
1042 3057 1086 3129 de
1102 3077 1236 3154 regno,
1261 3058 1361 3151 quod

297 3174 439 3253 Christo
466 3175 602 3252 bomini
625 3175 662 3247 in
686 3190 853 3267 tempore
871 3176 1037 3250 obvenit.
1097 3175 1150 3249 Ut
1169 3192 1287 3253 autem
1311 3180 1359 3251 di·

292 3294 503 3396 gnosc'rtur,
530 3294 674 3387 quando
688 3295 723 3368 in
739 3293 919 3389 scripturis
936 3296 981 3370 de
996 3300 1217 3388 temporario
1229 3278 1359 3372 Christi

290 3436 412 3515 regno
428 3415 545 3491 sermo
560 3415 624 3508 srt,
656 3415 748 3490 hanc
764 3417 799 3489 in
814 3414 944 3493 eodem
963 3412 1114 3489 tractatu
1130 3419 1238 3503 tradit
1256 3438 1359 3511 regu·

296 3537 387 3610 lam:
423 3536 540 3630 „Ubi
557 3535 724 3632 defignati
747 3536 780 3607 dr
803 3549 970 3625 tanquam
997 3534 1226 3609 demonstrati
1252 3532 1358 3611 seculi

294 3654 496 3731 dominatio
512 3657 743 3747 continetur,
770 3668 912 3748 tempus
930 3655 1015 3728 iilud
1033 3655 1253 3743 ostenditur,
1274 3678 1356 3747 ,quo

290 3909 418 3989 natur,
445 3895 696 3993 &regnum.“
745 3894 855 3971 Unde
869 3897 1068 3992 intelligere
1089 3892 1153 3986 est,
1181 3890 1358 3973 Christum

288 4018 333 4093 in
351 4037 512 4110 corpore
524 4013 672 4116 regnare
689 4031 765 4092 tum
780 4012 925 4112 cepisse,
952 4035 1033 4095 cum
1051 4016 1088 4088 in
1109 4034 1266 4113 corpore
1281 4020 1357 4115 gio·

292 4139 385 4215 riam
399 4137 552 4233 accepit.

772 4270 863 4332 aa
1162 4244 1178 4255 ”
1248 4250 1311 4329 De
1446 4318 1451 4333 .

1433 4364 1452 4555 r
