3317 4900
237 404 239 409 Ι
340 448 410 548 ι96
498 475 505 480 ··
666 427 1086 520 dilatant·

338 628 428 688 nere
449 615 532 681 ante
552 600 756 698 prudisium
775 601 850 677 estc·
879 603 933 678 Os
958 605 1034 696 ejus
1048 623 1125 677 non
1143 606 1414 707 confringetis?

267 751 272 762 =
341 711 394 796 &a
426 707 635 796 Videbunt,
669 724 774 796 quem
798 720 1100 796 compunxerunt.
1151 706 1240 781 Haec
1259 710 1411 808 itaque,-

342 828 420 904 quae
435 807 469 880 ei
486 807 606 879 omnia
620 817 723 877 erant
739 804 775 876 in
793 803 948 896 passione
958 803 1173 900 praescripta,
1199 808 1317 883 aDeo
1328 832 1409 904 per·

338 907 514 1002 vestigata
528 901 622 996 sunt,
649 903 735 977 ut&
754 902 890 976 suerint
904 902 1131 998 prophetata.
1181 905 1241 992 Aa
1254 929 1305 983 ne
1323 913 1408 1004 quid

342 1028 395 1094 ex,
405 1008 481 1099 his,
509 1024 585 1096 quae
600 1002 697 1099 geffit
713 1023 756 1076 ac
770 999 885 1100 passus
901 1002 965 1097 est,
988 1004 1213 1100 incognitum
1228 1008 1333 1085 fuisse
1346 1012 1410 1086 Pa·

340 1109 389 1184 tri
411 1106 692 1195 existimaretur,
717 1104 931 1201 generaliter
951 1103 1077 1177 cundia
1100 1110 1316 1200 complexus
1332 1111 1409 1207 est,

317 1209 483 1284 ‘dicerint
518 1203 567 1279 Et
587 1228 690 1277 omnes
710 1207 783 1274 viar
803 1228 886 1275 meas
899 1205 1087 1303 praecidisti.
1145 1207 1215 1280 sed
1231 1212 1293 1300 qui
1317 1233 1410 1305 prae·

339 1308 455 1399 vidit,
488 1305 582 1380 vidit
607 1319 690 1378 ante
715 1323 819 1395 quam
845 1323 903 1378 rec
933 1301 1029 1377 esset.
1091 1301 1262 1380 Praevidit
1283 1327 1407 1389 autem
1435 1309 1437 1314 ’

341 1410 450 1483 etiam
472 1403 567 1498 hoc,
592 1409 745 1503 quianon
761 1404 901 1501 efidolur
918 1407 956 1474 in
975 1407 1087 1499 lingua
1102 1424 1187 1504 mem·
1213 1407 1266 1481 est
1286 1412 1406 1495 enim,

341 1506 534 1586 secundum
560 1504 740 1599 propriam
765 1503 1044 1598 profeffiohem,
1077 1507 1232 1601 veritae,
1259 1511 1341 1600 via,
1371 1511 1409 1584 dc

340 1609 431 1682 vita.
482 1602 573 1682 Non
593 1604 721 1696 recipit
740 1604 862 1679 dolum
885 1605 1038 1680 veritae:
1069 1610 1252 1680 nonenim
1271 1613 1409 1684 menti·

341 1719 400 1782 tus
418 1702 491 1796 est,
515 1717 577 1776 aut
596 1701 748 1777 fefellit:
778 1705 897 1799 lingua
916 1705 1031 1778 omnis
1053 1705 1129 1796 ejus
1142 1702 1259 1778 officio
1275 1706 1407 1787 functa

339 1805 393 1881 est
415 1804 601 1896 veritatis,
635 1804 696 1895 qui
716 1804 782 1877 ait:
816 1802 952 1875 Coelum
977 1801 1009 1873 dr
1030 1816 1125 1876 terra
1143 1807 1400 1901 praeteribunt,

341 1905 455 1986 verba
482 1918 601 1978 autern
620 1923 698 1978 mea
721 1924 797 1976 non
823 1902 1066 1994 praeteribunt.
1118 1903 1254 1979 Patrem
1276 1904 1402 1982 Deum

340 2004 533 2100 praedicat,
559 2002 594 2077 se
610 2001 700 2076 vero
717 1999 786 2074 esse
802 2000 836 2072 δι
852 2001 1026 2094 hominis,
1053 2003 1086 2076 u
1102 2002 1172 2076 Dei
1186 2001 1404 2080 siliumcon·

340 2101 476 2180 fitetur.
540 2102 676 2176 Dolum
697 2099 904 2194 predicatio
920 2101 982 2174 ista
996 2124 1071 2176 non
1089 2104 1235 2195 habuit,
1268 2113 1353 2197 quae'
1366 2107 1404 2180 dt

340 2201 459 2293 dese,
494 2202 586 2276 &de
600 2202 744 2275 honore
764 2201 862 2291 ejus,
897 2202 956 2292 qui
973 2193 1012 2274 se'
1024 2200 1182 2295 miserat,
1209 2204 1403 2286 fatebatur.

445 2324 501 2395 13.
526 2298 675 2374 Proficit
691 2300 830 2379 ,deinde
853 2303 1020 2394 paulatim
1055 2301 1167 2375 sermo
1193 2321 1332 2397 coeptue
1358 2308 1402 2379 ab

340 2404 508 2494 homine,
545 2400 639 2474 &ad
660 2399 952 2496 significationem
974 2414 1108 2475 naturae
1128 2406 1165 2475 in
1187 2423 1235 2477 eo
1251 2406 1402 2481 coeiestis

342 2507 545 2592 extollitur,
571 2521 652 2574 cum
672 2503 741 2574 ait:
769 2503 910 2588 Ecum,
940 2506 1088 2584 Domine,
1114 2506 1407 2601 cognovistiomnic·

340 2602 506 2694 nouiffima
525 2606 564 2679 U
576 2608 729 2697 antiquo:
762 2618 798 2672 tu
809 2602 958 2698 formasti
972 2626 1036 2688 me,
1062 2602 1100 2677 d
1111 2600 1336 2703 pofiaiflisuper
1355 2631 1403 2680 me

328 2698 471 2773 ¹nrcmum
487 2719 585 2776 tuam.
639 2702 807 2775 Mirabisis
818 2701 911 2794 faida
927 2703 966 2799 est
974 2703 1108 2793 scientia
1123 2721 1304 2778 ruaexme:
1330 2732 1402 2779 con·

334 2802 465 2898 furiata
484 2804 542 2896 esi,
576 2799 615 2878 (5
630 2805 956 2894 nonputeroadcam.
1024 2801 1185 2876 Personae
1200 2804 1293 2878 istud
1312 2806 1400 2878 Pro·

339 2902 457 2997 phetae
472 2920 548 2974 non
569 2903 764 2993 convenit,
801 2917 842 2972 ut
858 2921 902 2974 ex
920 2899 955 2974 se
969 2900 1089 2978 dixisse
1108 2905 1293 2979 videatur:
1329 2910 1400 2978 Mi·

341 3001 451 3074 rabilis
466 2999 558 3092 sadda
575 3003 612 3097 est
623 3005 760 3088 scientia
779 3017 837 3071 tua
855 3025 893 3070 ex
910 3027 975 3085 me,
1010 3016 1052 3075 ut
1067 3004 1233 3076 mirabilis
1249 3005 1321 3079 Dei
1338 3026 1401 3080 co·

338 3101 453 3199 gnitio
470 3121 516 3173 ex
532 3121 579 3173 eo
594 3101 684 3172 sadta
699 3101 758 3174 sit:
795 3100 929 3191 Moyse
943 3113 1047 3174 antea
1064 3104 1312 3200 cognitionem
1334 3128 1401 3180 no·

338 3203 393 3276 bis
421 3200 489 3272 Dei
516 3201 613 3272 libris
635 3199 743 3297 Legis
761 3201 956 3290 loquentis.
1023 3201 1093 3275 Sed
1109 3210 1154 3276 ne
1171 3205 1231 3296 ipsi
1253 3207 1400 3297 quidem

336 3300 459 3392 Moysi
477 3299 549 3372 hoc
565 3299 634 3372 eise
646 3301 828 3393 proprium
840 3301 1014 3394 potuerit,
1037 3301 1264 3401 'Deumante
1294 3324 1399 3398 quam

336 3399 562 3496 flragrantem
576 3401 701 3472 rubum
719 3399 894 3495 conspicit
914 3398 1108 3494 nescienti,
1135 3396 1312 3497 opinione
1325 3408 1400 3500 qui·

253 3526 256 3541 ’
336 3501 418 3574 dem
441 3498 542 3574 electi
562 3502 599 3572 in
619 3498 799 3573 Abraham
819 3499 853 3572 ἃ
873 3500 986 3592 isaac,
1018 3499 1180 3595 &Jacob
1201 3508 1330 3595 populi
1350 3506 1399 3581 sui

334 3597 526 3696 religioso,
554 3612 800 3673 verumtamen
821 3596 1029 3675 familiarem
1050 3603 1302 3696 cognitionem
1314 3620 1399 3682 ante

335 3698 410 3772 hoc
423 3715 564 3791 tempus
581 3697 642 3774 nisr
656 3719 674 3770 a
690 3697 773 3770 Deo
785 3717 860 3770 non
873 3700 1017 3790 adepto.
1066 3699 1136 3773 Sed
1149 3704 1263 3775 omnis
1278 3698 1398 3781 sermo

331 3796 396 3872 istc
418 3802 450 3871 ei
472 3802 667 3892 competit,
701 3799 761 3890 qui
784 3800 848 3870 ait:
887 3797 991 3870 Pater
1013 3799 1233 3873 manifestavi
1257 3820 1405 3880 nornen·

332 3910 433 3970 tuum
458 3899 683 3984 hominibus3
719 3896 752 3969 dr
776 3899 833 3988 qui
851 3899 915 3970 ait:
950 3898 1037 3969 Haec
1051 3899 1101 3970 est
1117 3913 1235 3977 autem
1255 3906 1332 3977 vita
1348 3924 1393 3975 re·

329 4010 446 4086 terna,
474 4010 514 4067 ut
535 3997 756 4092 cognoscant
771 4010 808 4070 te
821 3994 932 4069 solum
946 4017 1071 4073 verum
1083 3998 1214 4092 Deum,
1242 4003 1401 4097 &quem'

327 4096 444 4171 misisti
460 4090 576 4189 Jesun
588 4095 787 4175 Christum·
825 4094 1147 4177 Sedhaecsuoioou
1157 4104 1300 4198 plenius
1311 4126 1397 4197 pro·

287 4206 300 4351 *f
325 4192 521 4292 sequemur.
827 4204 829 4211 '
874 4224 879 4235 ·
1182 4223 1241 4295 14·
1268 4201 1347 4279 De·
