3317 4900
438 415 822 522 connsunnnrus
858 460 909 516 rra
940 438 1207 523 Mantinon.
1285 451 1366 543 367·

288 612 424 689 venale
441 608 505 696 fit,
539 605 791 679 admonemur:
821 621 941 694 neque
959 601 1033 676 hoc
1048 603 1269 699 apostolatus
1286 629 1356 687 no-

289 712 352 792 stri
373 729 467 805 opus
487 703 552 781 fiat
571 704 671 795 auri,
703 700 860 798 argenti,
889 702 1038 794 aerisque
1054 703 1230 795 possessio.
1281 716 1356 785 Ner

286 835 398 914 peram
416 815 454 878 in
470 813 546 892 via,
573 823 692 877 curam
707 801 841 875 scilicet
858 796 1021 875 secusaiis
1037 801 1235 879 substantie
1251 811 1367 888 resin-⁴

290 911 489 1007 quendam:
506 906 596 998 ,quia
611 901 727 976 omnis
743 899 926 975 thesaurus
943 901 985 976 stt
1000 901 1221 994 perniciosus
1237 909 1273 982 in
1284 923 1357 985 ter-

289 1031 353 1103 ra,
392 1006 504 1081 eorde
521 1001 646 1079 nostro
666 1003 739 1074 illic
756 995 904 1081 futtuo,
941 1000 1004 1074 ubi
1025 1004 1204 1077 condatur
1223 1007 1257 1080 dr
1275 1011 1360 1085 the.

290 1112 427 1187 saurus.
482 1108 562 1179 Non
582 1107 660 1174 duas
676 1106 812 1176 tunicas.
864 1097 1001 1174 Sufficit
1014 1103 1109 1177 enim
1123 1106 1234 1189 uobis¹
1249 1106 1362 1186 semes

292 1209 452 1283 Christus
473 1206 636 1278 indutus:
660 1222 775 1295 neve,
800 1221 866 1294 per
879 1201 1094 1293 pravitatem
1111 1203 1359 1303 intelligentiae

265 1361 267 1366 ι
290 1308 443 1388 nostru,
469 1306 579 1379 altera
596 1302 766 1395 deinceps
783 1299 845 1374 vel
861 1299 1052 1394 haereseos,
1078 1304 1141 1378 vel
1158 1306 1360 1402 legisveste

265 1449 269 1496 2
291 1411 490 1494 induamur.
541 1407 620 1476 Non
642 1404 859 1472 calciamenta.
911 1399 1096 1492 Numquid
1116 1404 1357 1486 humanorum

265 1523 270 1598 5
290 1511 423 1605 pedum
440 1502 626 1580 infirmitas
644 1502 782 1594 patiens
803 1501 854 1573 est
866 1499 1062 1574 nuditatis?
1095 1502 1224 1588 sedin
1243 1504 1359 1585 sanus

293 1623 414 1700 terra,
450 1605 733 1697 &peccatorum
751 1598 881 1693 spinis,
914 1614 1021 1691 atque
1037 1605 1170 1677 aculeis
1190 1625 1277 1680 non·
1290 1611 1360 1682 ob.-

265 1745 271 1799 t
295 1706 394 1801 sessa,
419 1718 461 1778 ut
476 1702 598 1795 Moysi
617 1699 746 1775 ditium
760 1697 824 1790 est,
849 1698 953 1772 nudis
969 1700 1118 1793 pedibus
1133 1703 1272 1800 staturi,
1299 1708 1358 1783 ad·

265 1847 272 1900 ς
293 1824 484 1883 monemur
507 1802 711 1876 monalium
734 1793 906 1897 ingressus
929 1798 1042 1873 nostri
1063 1802 1216 1898 habere,
1252 1827 1360 1900 quam

265 1925 274 1999 2
295 1901 591 2003 quemaChristo
601 1901 816 1994 accepimus,
844 1911 1061 1993 apparatum.
1113 1907 1361 2001 Nequevirgam

272 2012 337 2098 [in
366 2003 529 2084 manibus,
562 1999 694 2092 idest,
727 1999 915 2093 potestatis
938 2011 1119 2172 extrague
1147 2019 1225 2077 non
1250 2007 1362 2105 indigi

265 2149 276 2202 ,
294 2122 456 2200 quaerere
467 2102 569 2193 jura,
594 2099 767 2173 habentes
787 2101 921 2197 virgam
940 2100 985 2173 de
1004 2117 1042 2172 ra

265 2243 277 2292 ,ς
294 2221 529 2300 quaecumque
549 2198 615 2272 alia
632 2198 754 2279 fuerit,
778 2218 855 2272 non
872 2202 940 2273 erit
954 2198 1083 2273 Christi
1093 2199 1249 2278 iustrudii
1261 2208 1372 2282 omni'

265 2293 480 2402 isuperiore
494 2297 658 2375 sermone
672 2295 715 2371 ad
725 2294 990 2372 conficiendum
1003 2300 1072 2373 iter
1083 2297 1206 2395 seculi,
1233 2306 1361 2402 gratia,

266 2408 453 2499 wiotico,
481 2399 603 2492 veste,
631 2398 888 2491 calciamento,
913 2400 1114 2494 potestate3
1140 2401 1246 2480 inhio
1263 2408 1361 2485 enim

265 2550 278 2603 2
296 2517 510 2598 operantes,
537 2501 634 2595 digni
648 2499 815 2573 mercede
830 2497 952 2572 nostra
965 2502 1207 2597 reperiemur,
1233 2505 1269 2577 id
1286 2505 1338 2580 est
1346 2524 1364 2603 ‚³

265 2621 360 2705 ,ρετ
389 2604 520 2678 horum
545 2599 810 2676 observantiam
833 2598 981 2675 coelestis
1006 2600 1078 2696 spei
1099 2606 1241 2696 praemia
1261 2626 1363 2682 rece·

265 2716 280 2777 ς
321 2705 406 2780 tuti.

265 2726 327 2883 :p'
399 2801 435 2878 6.
463 2801 1131 2898 sequestratumquecivitateminrroieritir,
1157 2808 1360 2902 interrogare,

265 2892 280 3005 j
296 2908 419 3004 quirin
436 2903 597 2995 eadigam
615 2899 667 2995 epi,
695 2896 906 2999 dereliqua.¹
941 2898 1057 2973 Levia
1071 2896 1170 2979 forte
1181 2904 1361 2983 Dominus

273 3031 280 3101 j
299 3001 429 3079 dedisse
445 2995 631 3095 Apostolis
653 3014 834 3094 praecepta
847 2998 1119 3077 existimabitur:
1147 3009 1245 3097 quod
1257 3005 1363 3082 seus-

265 3124 367 3203 Ξιῃιιο
390 3103 432 3175 ad
449 3102 588 3176 monita
603 3099 834 3191 introeundi,
858 3100 1063 3196 habitandi,
1089 3108 1272 3199 morandi,
1298 3126 1361 3180 ex-

265 3201 478 3307 ³eundique
497 3199 714 3275 summiserit.
769 3199 858 3273 Hac
879 3199 1020 3291 quidem
1041 3203 1220 3279 intellesia
1235 3207 1363 3299 suppli

298 3306 389 3377 citer
411 3299 620 3374 Saniiorum
641 3297 822 3372 modestiae
838 3314 1064 3394 congruunt,
1096 3318 1138 3377 ut
1153 3325 1235 3381 curn
1250 3306 1363 3402 digno

265 3397 340 3505 flsrt
357 3396 592 3492 hospitalitas,
618 3416 715 3471 neve
729 3399 1363 3499 perincuriamautignorantiamco·

265 3552 281 3603 Ι
296 3499 523 3576 habitatione
535 3498 720 3595 probrosae
737 3494 877 3574 familie
895 3496 1113 3593 polluantur.
1161 3498 1232 3578 Sed
1247 3505 1363 3581 intro·

265 3650 281 3699 ,
297 3611 429 3675 euntes
445 3600 629 3689 civitatem
648 3598 693 3670 de
713 3598 822 3696 digno
839 3598 943 3689 jubet
962 3601 1199 3701 interrogare,
1227 3600 1261 3677 dt
1280 3622 1363 3683 curu

265 3730 277 3801 e
297 3720 346 3775 eo
365 3698 525 3777 habitare
543 3720 657 3791 usque
676 3696 720 3771 ad
740 3692 1015 3791 perfeiiionems
1045 3700 1192 3777 domum
1215 3718 1363 3796 quoque

266 3804 275 3875 ς
298 3802 343 3875 ab
362 3796 633 3874 introeuntibus
654 3794 803 3892 pacifice
823 3796 980 3872 salutari:
1016 3818 1094 3892 quae
1115 3799 1140 3875 sr
1160 3800 1266 3899 digna
1289 3802 1363 3897 est,

299 3897 451 3996 &pacis
473 3899 729 3971 communione
743 3898 785 3972 stt
805 3899 929 3995 digna:
955 3899 1159 3997 srindigna,
1184 3922 1254 3996 pax
1268 3896 1363 3977 inus·

301 4016 380 4077 cem
398 4010 625 4073 revertatur:
658 4001 717 4089 qui
733 4011 852 4070 autem
873 4016 949 4070 non
965 4003 1170 4094 receperint
1183 4022 1269 4092 eos,
1296 3998 1367 4076 ser·

300 4113 655 4186 monesqueeorumr
681 4093 1205 4197 hisereuffopeduur-pulrere,
1222 4116 1366 4177 aternu

300 4191 948 4291 mdeuffionisseninareunquenda
1184 4201 1338 4297 mae.

1069 2101 1124 2174 ice
1140 2102 1250 2196 Jeise3
1276 2128 1361 2184 narn

968 4494 1085 4520 *a*
1101 4490 1106 4499 “
