3317 4900
329 413 402 510 ³0⁶
489 373 495 386 ’
657 345 1051 484 &linthart

331 575 408 652 hoc
423 569 531 668 igitur
548 587 634 665 rege
651 567 791 640 laetatur
808 563 940 660 lsrael,
972 567 1007 642 ἃ
1023 567 1113 648 Sion
1130 565 1214 664 lilii,
1239 572 1321 663 eius
1339 569 1404 646 sci·
1448 653 1450 664 ,

332 676 421 750 licet
435 670 545 760 Sion,
581 687 657 761 quae
676 683 790 740 mater
805 667 841 741 in
861 669 959 740 coelis
975 666 1046 761 est,
1083 661 1162 762 qua'e
1175 669 1404 768 conscripto·
1447 666 1450 749 l

334 795 416 848 rum
439 767 706 863 primitivorum
728 765 763 840 dc
782 765 1007 864 Angelorum
1026 768 1336 861 frequentantium
1359 775 1406 847 ci·

286 943 289 954 ,
334 868 518 958 vitasest3
553 866 715 942 &Israel
731 867 810 950 ille,
843 865 904 959 qui
918 865 1061 963 spiritu,
1094 888 1170 944 uon
1185 869 1335 961 littera,
1371 873 1406 948 dc

335 971 441 1066 super
460 989 565 1062 quern
585 963 752 1062 Apostoli
768 983 839 1060 pax
855 963 918 1045 est.
967 966 1018 1042 Hi
1034 988 1123 1066 ergo
1138 966 1224 1060 filii,
1247 972 1318 1061 qui
1339 969 1407 1046 sua·

336 1073 513 1165 cipientes
528 1065 820 1158 confitentesque
840 1083 962 1162 regern
975 1063 1038 1142 filli
1057 1069 1127 1144 Dei
1149 1066 1233 1144 salli
1249 1067 1351 1153 sunt,
1375 1073 1408 1146 dt

329 1173 373 1248 hi
394 1189 505 1266 ergo,
528 1169 640 1261 quiin
657 1183 815 1262 corpore
830 1163 949 1240 Deum
966 1173 1095 1242 mentia
1108 1167 1224 1268 oculis
1241 1191 1406 1266 agnove

334 1287 442 1362 runt,
469 1269 684 1341 letabuntur
698 1267 734 1338 in
751 1265 883 1356 choro,
908 1265 945 1340 in
965 1282 1140 1360 tympano
1159 1261 1406 1366 psalterioque

334 1371 537 1468 psallentes.
587 1365 676 1440 Haec
693 1379 811 1440 autem
826 1361 956 1441 mufica
976 1369 1104 1440 latitia
1115 1371 1407 1447 intabcrnaculir

301 1549 303 1554 ,
330 1469 508 1567 justorum
524 1465 588 1557 est,
615 1464 702 1540 &in
713 1459 934 1562 symphonia
948 1483 1055 1542 cantu
1070 1469 1108 1542 in
1122 1467 1244 1542 reditu
1258 1465 1326 1547 filii
1340 1495 1407 1568 poe·

336 1571 485 1646 nitentia
503 1567 656 1640 auditur.

329 1753 332 1758 ,
439 1691 470 1760 3·
498 1670 589 1765 Qua
615 1679 734 1740 autem
759 1681 858 1740 nunc
882 1664 1032 1760 proprie
1052 1662 1135 1762 post
1159 1679 1405 1744 creaturarum

222 1767 230 1790 '
334 1767 600 1858 laudationem,
634 1761 869 1858 &superiora
886 1767 1025 1840 cantica
1040 1787 1164 1862 nova,
1196 1767 1311 1862 hujus
1334 1791 1408 1842 can·

314 1870 399 1965 ,tici
417 1866 509 1941 novi
528 1861 629 1958 causa
647 1862 755 1958 esset,
781 1860 938 1939 ostendit
960 1865 1102 1942 dicens:
1127 1870 1218 1962 Quia
1236 1869 1408 1972 beneplaci·
1440 1907 1445 1954 ;

337 1985 408 2044 tum
428 1967 469 2066 ιβ
491 1971 631 2050 Domino
651 1972 688 2036 su
702 1969 812 2061 populu
824 1967 898 2054 stro:
929 1967 1085 2040 exultabit
1100 1970 1286 2059 mansuetos
1304 1979 1346 2042 in
1360 1971 1406 2059 su·
1440 1973 1446 2045 l

321 2069 444 2142 'sutem
493 2065 716 2156 ,Exultuum
742 2064 859 2136 Sandis
878 2068 916 2135 t'u
937 2066 1051 2159 gloria.
1109 2061 1245 2144 Omnia
1264 2071 1406 2162 quidem
1440 2058 1444 2143 i

336 2167 444 2261 Deo,
470 2183 552 2242 cum
572 2162 653 2240 sunt
669 2178 809 2256 creata,
835 2164 1063 2258 placuerunt,
1089 2167 1221 2242 Genesr
1237 2170 1405 2260 testante,

339 2291 420 2344 curn
438 2267 542 2341 dicit:
568 2261 616 2336 Et
632 2263 725 2338 vidit
742 2263 859 2357 Deua,
885 2267 966 2358 quia
983 2269 1080 2340 bona
1094 2259 1194 2354 sunt;
1223 2265 1287 2342 sed
1304 2271 1407 2344 bene·

337 2370 509 2467 placitum
534 2365 568 2440 ei
591 2367 628 2436 in
654 2366 794 2459 populo
815 2361 879 2437 suo
901 2362 970 2438 esse
989 2361 1255 2462 cognoscimus.
1306 2369 1405 2442 Bona

339 2470 482 2561 quidem
504 2466 641 2539 creatio
663 2466 818 2538 hominia
833 2462 904 2557 est,
934 2460 1069 2556 ut'quae
1089 2468 1233 2543 initium
1253 2470 1406 2543 creatio·

337 2570 392 2643 nis
416 2564 608 2641 secundum
630 2562 803 2660 originem
828 2565 899 2636 Dei
925 2565 1261 2660 similitudinemque
1280 2571 1405 2642 sortita

338 2670 408 2751 est3
434 2666 491 2740 sed
503 2666 641 2758 judicio
656 2664 690 2736 se
706 2665 934 2738 immutabilis
953 2664 1022 2737 Dei
1040 2665 1232 2741 secundum
1250 2669 1407 2743 demuta-

337 2769 475 2840 tionem
495 2768 655 2839 humanae
671 2765 870 2836 voluntatis
887 2778 993 2854 atque
1010 2767 1145 2839 arbitrii
1163 2782 1407 2860 temperante,

338 2874 415 2939 tum
433 2868 514 2956 quia
532 2862 734 2957 peccassent
751 2863 785 2934 dc
802 2879 947 2959 agerent
968 2868 1192 2959 poenitenda,
1229 2873 1408 2961 poenitere

338 2966 394 3055 se,
431 2968 512 3057 quia
537 2961 675 3036 fecisset
697 2964 899 3054 homiuem,
936 2963 1082 3037 testatus
1104 2965 1165 3040 est.
1231 2967 1289 3040 At
1315 2989 1406 3041 vero

338 3064 418 3160 ipsis
433 3066 500 3138 illis
520 3084 565 3136 ex
581 3077 733 3155 peccato
750 3063 786 3135 in
805 3066 915 3135 vitam
929 3054 1147 3157 reformatis,
1172 3063 1326 3159 depulsa
1339 3090 1406 3162 poe·

338 3165 669 3264 nitentiaenquerelu,
691 3162 763 3253 jam
778 3164 990 3255 beneplaciti
1001 3167 1037 3238 in
1048 3186 1112 3238 eos
1124 3164 1274 3241 affatius
1289 3168 1405 3241 osten·

339 3266 447 3349 ditur.
497 3259 736 3335 Reconciliati
754 3263 848 3335 enim
868 3261 982 3336 sumus
999 3286 1064 3355 per
1080 3285 1211 3358 corpus
1226 3265 1261 3338 dc
1274 3265 1405 3365 sangui·

337 3385 421 3447 nem
433 3360 560 3435 Christi
580 3383 625 3437 ex
637 3362 788 3434 inimicis
800 3363 836 3435 in
850 3357 945 3434 filios
958 3363 1058 3439 Deo:
1087 3387 1166 3440 cum
1182 3369 1296 3441 nobis
1311 3384 1405 3442 aeter·

337 3466 376 3539 ni
393 3460 598 3537 Sacerdotis
622 3464 861 3555 placationem
884 3463 1149 3555 impenitentiae
1178 3465 1402 3542 sacramento

338 3557 603 3656 spopondisset,
641 3558 819 3653 Propheta
841 3563 1000 3636 dicente:
1035 3554 1176 3660 Juravit
1195 3564 1402 3649 Dominus,

338 3662 372 3736 dr
398 3683 472 3735 non
497 3661 685 3757 poenitebit
708 3683 808 3735 eum:
848 3661 907 3733 'l‘u
931 3684 972 3745 es
993 3662 1156 3738 sacerdos
1174 3666 1211 3737 in
1231 3682 1403 3743 aeternum

335 3760 987 3837 secundumordinemMelchisedech.
1039 3762 1402 3864 Complacitumergo

337 3861 401 3953 est,
428 3863 524 3953 quod
534 3862 755 3953 impoenitens
767 3857 835 3933 esse
842 3862 998 3952 juratum
1008 3863 1058 3935 est
1068 3867 1114 3957 ei,
1142 3884 1217 3956 quo
1229 3884 1402 3963 regnante

335 3956 528 4035 secundum
543 3962 705 4034 ordinem
719 3959 1007 4053 Melchisedech,
1033 3963 1069 4035 id
1086 3965 1157 4054 est,
1186 3969 1356 4060 gentium
1374 3968 1401 4039 ἀ

334 4080 439 4157 rege,
468 4058 726 4149 &sacerdote,
752 4061 903 4153 primurn
922 4060 1111 4138 mansuetis
1128 4064 1243 4153 salus,
1270 4066 1399 4141 deinde

320 4158 570 4263 splendores
586 4159 720 4245 Sanctia
734 4160 978 4237 exultantibus
994 4160 1098 4258 super
1112 4184 1237 4263 regem
1257 4164 1374 4243 suum.

1086 4304 1090 4309 ·
1215 4264 1350 4353 used
