3317 4900
339 467 494 560 114³stss
539 465 544 474 '
674 457 711 541 S.
762 445 1066 562 llubnnrr

342 630 419 723 ejus
439 625 501 701 fibi
517 622 673 698 hominis
690 633 824 702 nomen
843 621 1037 721 aliumem,
1073 628 1133 718 qui
1152 623 1342 706 secundum
1363 634 1418 708 di·

341 727 506 802 vinitatis
518 726 585 798 suae
595 725 823 822 privilegium
840 747 911 799 una
927 723 1044 802 secum
1060 727 1149 802 ellet
1162 731 1199 802 in
1211 729 1322 805 Putris
1333 736 1415 830 glo·

340 830 393 902 ria
413 826 662 900 collocandus.
721 827 887 898 Memento
907 829 1063 914 Domine,
1101 832 1233 917 Dauid,
1258 830 1297 908 (5
1310 841 1415 904 omnis

340 928 597 1017 mansuetudinis
614 931 705 1024 ejus:
733 927 782 999 ait
797 926 892 999 enim
910 924 1002 1019 ipse:
1040 928 1136 1025 Quin
1156 927 1358 1005 mansuetus
1378 934 1414 1006 dt

340 1027 484 1104 humilis
505 1026 617 1100 corde
632 1024 718 1103 sum.
770 1023 820 1098 Et
839 1023 1079 1101 testimonium
1091 1028 1136 1102 de
1154 1051 1201 1102 eo
1216 1028 1330 1104 Putris
1342 1032 1413 1106 est:

269 1185 271 1190 .
314 1219 316 1224 Ι
339 1125 440 1203 Ecce
459 1147 549 1221 puer
564 1147 685 1220 meus,
712 1145 818 1220 quem
837 1125 950 1223 elegi,
976 1126 1123 1201 diluitur
1143 1150 1259 1222 meus,
1285 1132 1411 1223 inquo

302 1273 307 1282 ι
341 1227 563 1324 complacuit
583 1227 698 1300 anima
714 1247 810 1300 mea:
846 1243 979 1319 ponam
995 1224 1152 1319 spiritum
1168 1247 1287 1303 meum
1308 1231 1412 1325 super

341 1350 449 1422 eum,
477 1326 698 1420 &judicium
712 1325 880 1422 gentibus
896 1327 1087 1402 nuntiabit.
1144 1323 1236 1402 Non
1257 1346 1411 1405 conten·

341 1427 424 1519 det,
442 1437 577 1517 neque
594 1419 783 1519 clamabit,
808 1443 927 1516 neque
944 1426 1064 1501 audiet
1084 1425 1208 1519 aliquis
1226 1431 1263 1501 in
1280 1432 1410 1522 plateis

339 1549 474 1603 vocem
494 1526 582 1618 ejus.
644 1524 699 1598 Ut
720 1525 837 1600 omnis
855 1544 944 1622 ergo
960 1527 1036 1620 ejus
1056 1525 1331 1602 mansuetudinis
1348 1531 1411 1604 Pa·

275 1647 279 1655 ·
339 1637 397 1701 ter
412 1625 634 1715 meminerit,
670 1626 905 1720 deprecatur,
931 1645 995 1719 per
1011 1628 1112 1718 cujus
1131 1622 1417 1705 mansuetudinis

339 1725 550 1804 modestiam
562 1725 647 1798 Deo
663 1726 757 1819 patri
770 1719 927 1799 officium
941 1725 1149 1799 humilitatis
1163 1723 1231 1801 sun
1242 1732 1406 1807 voverit.

264 1905 267 1912 ¹
356 1903 359 1920 ι
442 1849 478 1916 4.
505 1830 608 1906 Sicut,
634 1824 765 1918 inquit,
786 1828 1087 1923 jura-uitfluminm
1114 1829 1325 1901 uorumvuuir
1338 1834 1409 1902 Deo

344 1930 456 2025 Jacob,
507 1925 726 1999 Sacramenti
749 1924 888 1997 mentio
910 1923 953 1996 ad
968 1919 1221 2020 profeffionem
1237 1929 1409 2004 volunta·

252 2033 254 2038 ’
340 2029 386 2100 tis
411 2024 602 2099 aliumitur⁴
667 2022 716 2095 Et
736 2020 883 2116 nescio,
916 2023 1208 2120 enUnigenitus,
1218 2025 1407 2118 juraverit.

340 2126 451 2200 Certe
468 2127 517 2198 ita
533 2118 687 2220 &pellit
714 2123 747 2196 dt
764 2123 910 2195 locutus
924 2121 974 2197 est
985 2125 1119 2218 omnin,
1144 2142 1186 2199 ut
1197 2126 1406 2203 sacramenti

315 2249 321 2258 ·
338 2227 505 2324 religioni
521 2223 931 2300 satisfacerevideretur.
982 2218 1237 2316 Namquecum
1245 2228 1406 2318 quaedam

340 2327 386 2400 de
407 2324 563 2419 pullione
587 2322 646 2397 sua
668 2324 814 2396 locutus
833 2322 875 2395 ad
892 2317 1083 2416 discipulos
1101 2324 1182 2397 suos
1198 2320 1332 2398 fumet:
1369 2329 1406 2401 dt

338 2419 1405 2520 PetrustamquamindignumhocDeifiliodetestutuseliet3

338 2526 507 2608 Petrum,
534 2522 592 2597 cui
606 2523 763 2616 superius
782 2525 907 2610 claves,
923 2527 1022 2621 regni
1041 2525 1213 2598 coelorum
1231 2524 1404 2609 dederat,

338 2615 1404 2719 superquemuccleuamedificaturuserat,adversusquam

339 2741 456 2819 portae
474 2724 604 2799 inferni
620 2724 708 2797 nihil
724 2724 975 2816 prevalerent,
1003 2726 1062 2815 qui
1079 2738 1155 2816 quae
1168 2725 1204 2797 in
1217 2727 1321 2798 terris
1334 2725 1402 2800 sol·

228 2893 231 2913 ,
328 2823 464 2917 ¹uiiset,
491 2821 711 2919 velligallet,
738 2824 826 2895 eain
842 2822 938 2894 coelis
955 2824 1015 2897 vel
1030 2821 1145 2897 soluta
1159 2824 1398 2920 permittent,

338 2927 401 2996 vel
417 2926 536 3019 ligatu,
562 2925 657 2996 hunc
667 2926 787 3013 itaque
797 2924 857 2994 tal-i
868 2924 1056 3015 convicio,
1083 2923 1401 2997 detestantemhoc

336 3021 592 3097 sacramentum
602 3019 777 3115 paffionis,
805 3023 967 3116 excepit:
992 3020 1189 3116 Vadepost
1199 3044 1256 3098 me
1268 3023 1400 3117 satana,

338 3124 537 3197 scandalum
564 3124 650 3197 mihi
680 3142 730 3197 es.
780 3114 901 3192 Tanta
926 3120 1020 3194 enim
1041 3122 1073 3194 ei
1091 3123 1217 3219 religio
1237 3125 1305 3197 fuit
1327 3144 1396 3216 pro

336 3224 478 3298 humani
503 3225 643 3319 generis
664 3221 776 3296 salute
802 3216 979 3312 patiendi,
1017 3236 1059 3293 ut
1080 3219 1224 3295 Petrum
1245 3223 1399 3318 primum

335 3321 399 3396 filii
417 3324 486 3397 Dei
503 3320 765 3419 confefforem,
791 3318 958 3393 Ecclestae
975 3320 1265 3412 fundamentum,
1294 3326 1400 3396 coele·

334 3422 394 3497 stis
422 3425 521 3520 regni
545 3423 761 3515 janitorem,
801 3419 892 3492 &in
916 3435 1064 3494 terreno
1081 3421 1218 3514 judicio
1239 3421 1398 3513 judicem

335 3524 438 3616 coeli,
473 3521 597 3595 satanae
623 3517 1050 3612 conviciununcuparet.
1117 3522 1214 3618 Quin
1234 3523 1342 3597 etiam
1360 3524 1395 3596 in

334 3625 491 3695 tumultu
517 3645 585 3714 eo,
623 3640 696 3713 quo
716 3620 750 3692 le
774 3619 975 3692 dedendum
1005 3615 1149 3712 paffioni
1175 3620 1396 3714 prebuerat,

333 3740 414 3794 cum
436 3723 529 3797 idem
548 3721 674 3793 Petrus
691 3718 795 3792 servo
812 3716 1006 3791 sacerdotis
1024 3720 1143 3815 gladio
1157 3721 1397 3796 auremabsci·

333 3818 456 3915 diliet,
493 3821 557 3894 alte
583 3818 760 3892 Reconde
775 3819 928 3913 gladium
950 3832 1050 3892 tuum
1070 3819 1106 3892 in
1123 3822 1282 3894 thecam:
1309 3823 1392 3892 culi·

332 3940 433 4012 cem,
461 3940 564 4012 quem
580 3919 678 3992 dedit
697 3919 782 3992 mihi
800 3918 918 4008 Pater,
943 3939 1019 3992 non
1038 3920 1157 3995 bibam
1176 3918 1299 3994 illum?
1324 3917 1392 3989 lm·

258 4014 268 4029 ”
327 4021 428 4113 pium
449 4019 482 4090 dt
503 4018 693 4113 profanum
713 4020 849 4091 docens
867 4015 957 4110 elle,
991 4018 1109 4093 finon
1133 4023 1274 4113 omniu,
1310 4036 1391 4107 quae

313 4138 410 4216 „erga
428 4117 1062 4210 humanam-salutemPutrivoviiiet,
1088 4126 1262 4293 explerest.
1313 4117 1393 4191 Ab·

427 4220 442 4261 '0
1235 4220 1340 4296 olute
