3317 4900
236 465 446 558 ''442
682 453 1077 535 S.H11.Art11

348 639 392 699 ut
418 624 455 697 in
478 620 757 715 comparationis
782 621 984 714 exemplum
1004 621 1140 693 ancilla
1158 631 1306 714 qnoque
1323 630 1437 699 ocu-'

347 727 406 800 los
430 727 466 798 in
491 742 614 795 manua
640 721 793 794 dominae
815 719 886 794 elle
906 736 1208 793 commemoraret
1228 723 1417 801 intentosd

348 839 392 899 ut
416 826 451 897 in
477 843 628 912 operum
644 821 765 912 potius
782 818 989 894 efficientias
1009 821 1085 893 haec
1101 820 1271 894 desideria
1287 819 1414 898 servo·

347 944 427 998 rum
452 923 603 997 doceret
616 921 766 995 intenta.
816 918 887 994 Sed
904 940 985 994 cum
1002 921 1122 1012 plures
1140 918 1234 994 servi
1255 922 1412 1015 plurium

347 1018 769 1112 doininorumsrntposrti
782 1021 1052 1112 inexemplum
1078 1021 1319 1110 quarendum,
1345 1045 1411 1097 cur

348 1125 477 1200 ancilla
492 1143 562 1194 una
579 1121 684 1195 unius
704 1133 984 1194 commemorata
1001 1119 1043 1191 sit
1066 1119 1230 1195 dominae.
1284 1122 1409 1198 Plures

348 1226 444 1298 enim
466 1221 577 1311 servi,
612 1235 653 1293 ut
677 1216 835 1311 superius
860 1220 1033 1307 diximus,
1065 1220 1301 1312 plurimorum
1330 1221 1411 1296 sunt

251 1361 254 1372 ·
345 1321 522 1397 Deorum.
573 1319 684 1393 Nunc
700 1332 818 1392 autem
837 1340 907 1392 una
924 1319 1071 1413 ancilla,
1104 1320 1136 1390 dr
1156 1340 1226 1393 una
1244 1323 1410 1396 domina:

347 1425 428 1515 quia
445 1437 571 1495 natura
588 1440 656 1493 una
672 1417 721 1491 est
737 1419 860 1492 animae
873 1421 1056 1508 humana,
1089 1417 1189 1491 sicuti
1205 1419 1239 1492 dr
1255 1435 1409 1496 terrenae

345 1523 461 1596 earnis
478 1542 546 1592 una
568 1533 693 1591 natura
707 1518 767 1593 est.
815 1515 866 1590 Et
875 1520 957 1610 quia
966 1538 1064 1591 nunc
1079 1519 1123 1590 de
1137 1525 1409 1614 peccatoribus,

347 1626 406 1714 qui
422 1620 560 1711 peccati
574 1617 668 1692 servi
690 1619 791 1708 sunt,
822 1616 938 1691 sermo
952 1617 1023 1706 est3
1056 1619 1132 1691 baec
1145 1621 1272 1693 ancilla
1291 1626 1409 1695 anima

346 1721 444 1796 carni
469 1721 620 1793 dominae
639 1718 705 1791 suae
725 1719 844 1791 dedita
861 1718 932 1801 est,
953 1738 1018 1812 per
1034 1721 1276 1809 corporalium
1296 1721 1331 1793 dc
1351 1725 1407 1794 vi»

344 1823 478 1894 tiorum
495 1819 734 1892 blandimenta
754 1817 926 1909 subjedta:
951 1818 1131 1907 habetque
1153 1819 1333 1893 inferioris
1354 1820 1405 1893 sui

343 1943 409 2014 per
432 1923 677 1993 illecebrarum
702 1918 864 1992 fomenta
883 1917 1126 2009 dominatum,
1159 1918 1293 1993 fructus
1318 1941 1406 2013 ope·

342 2041 421 2093 rum
438 2022 513 2112 ejus
527 2017 726 2110 inspiciens.
776 2017 875 2113 Ergo
891 2033 933 2090 ut
946 2018 1014 2090 hos
1027 2017 1168 2110 servos,
1194 2019 1405 2094 &habean-

344 2121 460 2194 cillam
477 2119 746 2194 indemutabiles
761 2118 851 2191 vitia
867 2116 927 2191 sua
943 2118 1120 2210 detinent,
1146 2132 1188 2191 ut
1206 2121 1242 2191 in
1253 2119 1306 2192 his
1321 2141 1404 2212 qua·

343 2221 423 2294 dam
450 2218 611 2314 religiosa
634 2216 788 2290 stultitiae
810 2217 879 2290 suae
898 2218 1103 2291 intentione
1120 2217 1321 2308 persistant3
1354 2223 1403 2292 ita

342 2317 477 2413 fidem,
512 2340 589 2409 quae
618 2337 695 2390 non
717 2318 935 2409 temporaria
962 2339 1003 2390 ac
1027 2318 1249 2404 mobilium,
1284 2339 1403 2409 neque

342 2420 466 2495 emissis
490 2417 751 2493 tentationibus
778 2417 1013 2514 defatigetur,
1049 2417 1105 2489 sed
1124 2437 1236 2508 usque
1250 2418 1293 2490 ad
1314 2439 1402 2492 con·

342 2521 612 2597 summationem
638 2518 887 2592 misericordie
910 2517 981 2591 Dei
1004 2519 1215 2609 immobilis,
1253 2518 1401 2593 &inde-

336 2635 475 2709 mutata
490 2631 706 2714 permaneat.

437 2742 471 2814 9.
498 2718 544 2791 Et
561 2719 698 2789 idcireo
715 2716 895 2810 Propheta
915 2719 1145 2810 pertinaciam
1166 2715 1240 2810 spei
1255 2715 1322 2790 suae
1342 2738 1401 2790 us·

341 2840 412 2912 que
437 2821 480 2892 ad
506 2816 613 2892 finem
637 2818 851 2908 accipiendae
877 2819 1126 2892 misericordia
1155 2817 1396 2910 demonstrat,

340 2920 483 2993 dicens:
511 2921 562 2989 Ira
579 2919 659 2988 oculi
678 2919 778 3014 nostri
794 2921 834 2989 od
852 2922 1026 2988 Dominum
1040 2922 1143 2989 Deum
1164 2919 1320 3015 nostrum,
1344 2919 1398 2987 do·

337 3019 589 3104 permiseram
602 3018 702 3092 nobis.
752 3016 842 3090 Non
857 3018 994 3106 definit,
1021 3039 1097 3092 non
1111 3018 1253 3108 absistit,
1280 3017 1400 3090 tardet

305 3116 309 3129 '
337 3120 426 3193 licet
442 3119 485 3195 ad
500 3120 739 3191 tentationem
757 3114 841 3189 fidei
860 3117 1134 3190 misericordiam
1155 3117 1248 3191 suam
1270 3118 1397 3190 Domi·

336 3240 427 3303 nus;
454 3219 535 3308 quia
549 3215 638 3292 fides
650 3216 871 3291 constantem
883 3217 1164 3312 prastaredebet
1178 3215 1317 3289 fiduciae
1329 3215 1397 3288 suae

335 3316 659 3411 exspoliationem,
696 3317 942 3410 &desperatio
960 3320 1074 3389 omnis
1089 3315 1286 3390 diffidentia
1308 3338 1398 3389 con·

337 3418 436 3493 sessio
458 3418 511 3493 sit.
576 3417 645 3489 Sed
661 3417 841 3509 Propheta
859 3439 935 3490 non
953 3418 1111 3489 incertus
1134 3416 1184 3488 est
1198 3415 1398 3488 misericor-

337 3520 403 3593 diae
420 3517 506 3590 Dei:
532 3538 612 3590 nam
629 3517 726 3588 oculi
750 3519 825 3609 ejus
847 3518 883 3588 in
899 3539 1000 3606 eum,
1028 3516 1146 3605 quoad
1165 3537 1277 3606 usque
1298 3515 1397 3588 mise·

332 3632 478 3709 reatur,
510 3617 638 3690 intenti
660 3615 749 3689 sunt.
800 3617 931 3689 lntenti
949 3631 1065 3688 autem
1082 3614 1193 3709 adeo,
1218 3630 1260 3688 ut
1279 3619 1396 3687 inton-

333 3719 428 3790 tioni
444 3738 570 3790 eorum
589 3717 708 3787 oratio
724 3718 936 3811 gemminata
952 3714 1101 3806 subjecta
1119 3714 1170 3790 srt.
1222 3717 1287 3788 Ait
1300 3717 1393 3787 enim

334 3816 418 3911 post
437 3817 530 3891 haec:
564 3812 716 3903 Miserere
731 3817 819 3885 nobis
844 3821 998 3900 Domine,
1033 3817 1172 3899 miserere
1188 3818 1285 3888 nobis.
1317 3810 1390 3883 -Et

306 3986 308 3997 ,
333 3919 494 3989 intentus
512 3915 576 4008 est,
604 3915 638 3988 δι
655 3917 814 3988 intentus
831 3930 930 3988 orat:
957 3938 998 3989 ea
1013 3913 1147 3987 scilicet
1164 3916 1391 4006 perseueran-

236 4084 237 4089 ,
331 4017 396 4103 tia,
424 4036 491 4106 qua
509 4017 682 4089 vitiorum
703 4014 792 4088 servi
810 4017 847 4087 in
868 4016 1132 4088 dominantibus
1147 4017 1209 4087 fibi
1224 4017 1318 4115 vitiis,
1332 4013 1391 4084 de·

330 4129 531 4205 morantur,
556 4117 616 4188 ille
633 4116 816 4190 certiffima
835 4116 1015 4187 bonorum
1030 4134 1246 4192 aeternorum
1258 4114 1330 4211 spe,
1357 4113 1393 4184 ἃ

287 4213 1199 4340 'verkciaeiusemisericordiaefiduciaperseverat.
1335 4237 1393 4292 10.
