3317 4900
318 445 394 538 406
658 435 696 517 S.
745 437 1056 516 liutans-1
1180 381 1191 398 κ

318 616 402 680 teos
417 604 455 676 ln
472 599 642 675 claritatis
658 600 817 674 adventu
835 602 977 694 populo
996 599 1127 692 omni,
1156 602 1223 693 qul
1237 599 1402 681 exlstael

320 705 391 778 etit
417 703 595 794 reliquus,
633 698 928 775 salutemreddat
950 700 1044 793 ipse,
1078 701 1248 793 eiusque
1259 707 1401 795 peccata

320 803 497 880 dimittat:
530 798 766 892 dimissoque,
803 802 867 873 vel
885 801 923 872 in
940 799 1083 874 coeleste
1106 821 1275 897 regnum
1289 806 1400 896 potius

322 901 491 994 admisso,
524 919 632 996 agens
659 899 743 973 Deo
768 901 861 996 patri
886 904 1040 997 gratias,
1072 901 1115 976 in
1139 904 1269 1001 gloria
1284 903 1400 996 ejus&

321 1001 505 1096 majestate
519 998 695 1076 conssstat.

258 1117 263 1128 ·
354 1137 357 1144 ·
429 1122 486 1194 14.
513 1099 584 1174 Sed
607 1101 702 1173 inter
727 1099 804 1174 hec
819 1097 979 1192 discipuli
996 1111 1122 1174 vento
1140 1101 1397 1177 aemnridiffe

323 1214 478 1293 cuntur,
505 1200 645 1274 &totis
664 1197 771 1272 seculi
788 1202 969 1291 motibus,
994 1202 1194 1274 immundo
1213 1200 1396 1296 spiritual

325 1300 509 1392 versante,
532 1298 719 1391 jactantur.
771 1297 843 1372 Sed
857 1313 983 1390 quarta
1001 1299 1131 1396 vigilia
1142 1301 1341 1377 Dominus
1352 1325 1392 1377 ve

323 1404 396 1478 nit:
422 1414 553 1491 quarto
575 1402 669 1480 enim
685 1412 761 1473 tum
781 1399 823 1472 ad
843 1397 1036 1479 Ecclesiam
1052 1421 1193 1496 vagam
1219 1403 1258 1475 dt
1278 1402 1391 1476 nauita

325 1521 406 1600 gam
422 1514 640 1574 revertetur.
690 1499 730 1572 ln
742 1514 866 1589 quarta
878 1500 972 1574 enim
982 1497 1102 1600 nostis
1114 1502 1387 1598 vigiliatotiden

324 1599 572 1677 sollicitudinis
590 1600 665 1692 ejus
678 1619 847 1673 numerus
862 1599 1051 1691 repetitur.
1105 1597 1239 1676 Prima
1253 1604 1388 1680 enimsi

325 1699 491 1796 giliafuit
507 1700 617 1793 legis,
654 1696 804 1772 secunda
822 1701 1106 1795 prophetarum,
1142 1704 1384 1795 terciaeorpe

325 1801 409 1874 talis
425 1798 618 1889 adventus,
645 1815 769 1890 quarta
787 1815 905 1876 autem
923 1802 959 1872 in
975 1799 1096 1872 reditu
1119 1802 1322 1880 claritatis.
1337 1801 1383 1874 iel

325 1901 491 1974 inveniet
508 1895 642 1989 sellam,
667 1897 924 1971 &Antichristi
942 1897 1078 1992 spiritu,
1107 1899 1144 1972 dt
1157 1905 1293 1978 totius
1308 1900 1380 1977 sectl

327 1999 489 2074 motibus
514 1998 773 2076 circumastam.
826 1999 963 2071 Veniet
987 2001 1079 2073 enim
1106 2003 1282 2078 maxime
1305 2002 1382 2076 antiis

326 2113 435 2188 atque
459 2101 612 2172 vexatis.
663 2096 711 2169 Et
733 2097 884 2187 quiade
899 2096 1111 2171 Antichristi
1137 2103 1381 2178 consuetudine

327 2197 373 2272 ad
393 2219 538 2272 omnem
558 2198 798 2270 tentationum
816 2198 1021 2271 novitatem
1031 2197 1184 2272 solliciti
1196 2219 1323 2296 erunt,
1342 2202 1381 2275 eti·

327 2318 384 2373 am
411 2298 453 2374 ad
480 2298 627 2372 Domini
651 2298 847 2372 adventum
870 2297 1135 2391 expavescent,
1164 2301 1281 2378 salsas
1297 2321 1380 2376 serua

325 2397 534 2493 imagines‚·
555 2394 836 2489 &subrepentia
857 2399 973 2472 oculis
993 2396 1174 2493 figmenta
1192 2417 1379 2479 metuente

326 2497 398 2574 Sed
417 2499 535 2570 bonus
546 2496 727 2571 Dominus
743 2498 858 2572 statim
873 2500 1057 2589 loquetur,
1084 2501 1338 2597 timoremque
1346 2523 1381 2593 ap

327 2598 464 2691 pellet,
492 2598 673 2686 dicetque:
711 2600 876 2692 Egestam,
904 2600 1082 2672 adventus
1101 2598 1155 2672 sui
1178 2600 1261 2680 fide
1278 2622 1379 2682 melun

325 2697 501 2791 naufragii
517 2699 733 2770 imminentis
750 2700 918 2789 apellens.

431 2818 486 2884 15.
514 2797 625 2893 Quod
642 2818 734 2868 vero
750 2820 794 2869 ex
805 2800 964 2871 omnium
978 2799 1266 2880 consistentium
1280 2809 1314 2879 in
1325 2802 1379 2878 nui

327 2916 482 2971 numero
497 2897 713 2988 respondere
732 2897 856 2970 Petrus
873 2898 1110 2991 inlusisset,
1139 2902 1178 2973 dt
1198 2906 1320 2995 juberi
1332 2904 1379 2989 itt,

327 3009 371 3070 ut
390 2994 492 3087 super
508 3017 615 3084 aquas
628 2998 670 3068 ad
685 2997 881 3070 Dominum
893 3000 1031 3089 veniat,
1058 3020 1266 3095 precatum
1293 3006 1381 3099 pallo·

327 3097 382 3170 nis
405 3110 571 3188 tempore
587 3099 786 3169 voluntatis
810 3095 876 3168 suae
895 3098 1050 3192 defignat
1066 3099 1275 3197 affectum,
1311 3123 1379 3190 tun,

329 3216 410 3269 cum
438 3195 532 3268 solus
560 3210 661 3268 retro
679 3198 848 3287 veniens,
886 3197 1098 3293 &vestigiis
1122 3200 1287 3278 Domini
1306 3206 1379 3277 inhe·

327 3314 433 3385 tens,
468 3297 663 3367 contemtis
688 3295 811 3378 seculi,
846 3312 887 3368 ut
907 3299 1011 3370 maris
1034 3300 1235 3392 motibus,
1276 3298 1380 3397 patiti

329 3395 630 3468 contemnendam
646 3410 800 3468 mortem
816 3399 952 3473 virtute
969 3398 1169 3471 comitatus
1183 3405 1260 3477 est:
1289 3404 1342 3477 sed
1354 3405 1379 3472 in·

327 3490 531 3567 firmitatem
559 3495 688 3566 futurae
712 3498 920 3568 tentationis
938 3499 1107 3569 timiditas
1129 3500 1216 3590 ejus
1243 3503 1382 3578 ostendit

328 3591 422 3666 Nam
443 3595 604 3684 quamvis
623 3595 788 3686 incedere
806 3594 904 3667 ausus
925 3596 1031 3688 esset,
1059 3612 1189 3673 tamen
1206 3598 1401 3696 submerge-¹

326 3696 450 3764 batur:
478 3715 541 3783 per
560 3695 840 3767 imbecillitatem
862 3697 955 3768 enim
972 3698 1086 3767 camis
1106 3698 1139 3769 ἃ
1159 3721 1304 3776 metum
1316 3720 1382 3777 mor·

327 3793 397 3881 tis,
426 3795 530 3864 etiam
553 3813 665 3884 usque
685 3794 727 3865 ad
744 3796 896 3890 negandi
915 3796 1159 3870 neceffitatem
1181 3799 1382 3877 coastuseli.

326 3891 396 3963 Sed
416 3895 628 3983 proclamat,
657 3893 690 3963 u
711 3893 855 3966 salutem
875 3911 957 3967 orat
978 3917 996 3968 a
1017 3896 1206 3977 Domino.
1263 3905 1382 3977 Clann

282 3992 293 4017 ‘
327 3990 391 4063 iste
409 3993 626 4081 poenitentiae
645 3991 710 4063 luae
726 3998 876 4088 gemitus
888 3995 949 4070 est.
1002 3995 1185 4073 Nondum
1204 4006 1300 4078 enim
1312 3998 1382 4093 pallo

327 4088 491 4165 Domino
510 4094 546 4168 in
567 4093 822 4169 consessionem
840 4093 1002 4170 reuersus
1019 4094 1084 4189 est,
1114 4099 1324 4202 &negandi
1339 4122 1382 4173 ve

1263 4208 1349 4279 niam
