3317 4900
312 458 384 548 uo
647 449 686 532 ἃ
734 451 1042 532 Ηιιιιιι

310 615 575 810 iiiiii&
590 612 1381 813 iiltllllliitlrlilt‘ll

310 819 362 894 ob
371 838 476 910 quem
483 837 580 891 mare
588 815 770 910 diviserat,
789 819 1229 912 aquamepetraejecerrt,
1244 839 1375 896 manna

312 939 335 992 e
355 920 449 990 coelo
466 914 626 1010 miserat,
650 918 762 1013 legem
776 914 968 1010 posuerat,
992 919 1136 993 veniam
1150 918 1259 992 tantia
1272 915 1376 993 saeri-

311 1019 413 1114 legiia
433 1016 649 1108 indulserat,
683 1029 743 1090 tot
755 1015 1035 1110 irreligiosorum
1049 1037 1159 1114 regna
1176 1019 1377 1111 dejecerat,

309 1115 508 1216 prophetas
524 1114 686 1208 miserat,
711 1114 948 1212 Unigenitum
962 1116 1061 1190 suum
1077 1116 1173 1192 nasci
1191 1117 1379 1194 hominem

314 1220 517 1294 voluerat..
544 1215 614 1291 Sed
627 1227 688 1288 tot
699 1216 880 1307 tantisque
893 1214 1077 1291 beneficiis
1093 1218 1250 1312 populna
1263 1218 1378 1314 ingra-

312 1331 395 1411 tua,
430 1317 465 1392 or
482 1317 638 1392 colonus
654 1317 770 1388 vinea
786 1316 921 1408 primur
935 1315 1091 1410 elesius,
1116 1319 1154 1390 in
1168 1314 1280 1412 ipsum
1296 1317 1379 1391 Do·

310 1419 447 1496 mitium
456 1416 1082 1511 vineaparricidalermanusiutulit,
1106 1416 1240 1509 Deum,
1266 1438 1379 1509 quan·

311 1534 390 1594 tum
406 1520 441 1591 in
460 1516 495 1589 se
514 1515 578 1608 est,
605 1511 812 1589 crucifixum
826 1518 865 1588 in
878 1515 1026 1592 homine
1039 1513 1272 1592 mortificans.
1304 1516 1379 1591 Sed

312 1615 416 1692 eleiii
432 1615 512 1690 sunt
529 1615 644 1709 servi,
670 1617 799 1708 quibus
816 1615 1088 1694 vineasrutium
1105 1617 1181 1708 eiua
1196 1616 1380 1694 reddenti·

312 1717 382 1792 bur
399 1715 617 1790 traderetur:
643 1715 824 1807 inquibus
839 1713 1034 1805 Dominus,
1055 1716 1219 1808 judicato
1234 1720 1378 1812 populo

311 1815 400 1909 suo,
426 1816 568 1910 pietatis
583 1815 651 1890 suae
662 1815 825 1889 damnum
843 1813 1104 1890 consolaretur.
1150 1814 1373 1908 ltaquecon·

310 1915 473 1994 solantur
489 1937 571 1994 eum
587 1929 728 2011 gentes,
753 1916 789 1988 in
804 1914 1028 2008 Martyribus
1046 1915 1080 1988 &
1095 1914 1374 2010 confessoribus,

312 2017 349 2092 or
369 2013 535 2090 fidelibus
557 2013 626 2090 suis
644 2014 777 2089 fruuus
798 2035 844 2087 er
857 2013 893 2090 se
911 2014 1102 2092 commiffae
1115 2015 1177 2090 fibi
1187 2018 1308 2113 gratia
1319 2037 1378 2089 re·

310 2117 525 2214 pendentes.
575 2114 666 2189 Non
679 2135 777 2189 nova
786 2127 920 2208 autem,
944 2135 1014 2189 nec
1024 2115 1129 2208 hujus
1138 2129 1275 2192 tantum
1289 2115 1377 2188 Pro·

310 2217 431 2315 pheta
442 2237 521 2290 vor
536 2213 606 2320 ista
622 2212 685 2290 est.
745 2214 897 2310 Moyses
912 2218 949 2290 in
967 2217 1139 2310 preclaro
1159 2217 1223 2288 illo
1238 2215 1377 2294 Deute-

310 2319 471 2396 ronomii
485 2315 652 2408 cantico,
690 2335 770 2388 cum
790 2317 1077 2408 peceatapopuli
1097 2316 1222 2407 huius,
1260 2315 1296 2388 ἃ
1312 2317 1376 2394 im.

310 2423 465 2517 pietates
479 2415 697 2507 noviffinras,
722 2412 872 2490 &fidem
882 2415 1123 2513 generationis
1132 2415 1276 2489 alterius
1287 2437 1378 2508 pra.

309 2524 466 2607 dicaret,
499 2517 566 2592 ait:
604 2518 787 2615 Quoniam
802 2518 976 2608 iudicabit
999 2515 1178 2593 Dominus
1197 2519 1375 2613 populum

309 2623 430 2713 suum,
457 2615 677 2692 &inservis
700 2616 768 2689 suis
791 2615 1049 2691 consolabitur.
1099 2613 1249 2691 santius
1266 2618 1376 2691 etiam

310 2720 475 2811 Eleazar,
502 2717 849 2810 comprincipibus
858 2718 983 2812 populi
996 2716 1045 2789 sui
1057 2715 1241 2812 degustare
1253 2737 1375 2789 emen·

309 2824 417 2895 titum
426 2818 658 2893 sacrificatum
671 2830 880 2912 cogeretur,
901 2819 1050 2912 gloriam
1062 2814 1290 2911 martyriisub
1303 2815 1374 2890 hac

308 2920 434 2995 eadem
457 2939 555 2991 voce
577 2915 819 3007 consummat,
856 2915 969 2988 sciens
989 2916 1184 2991 Dominum
1205 2912 1372 2991 inservis

309 3021 379 3097 suis
400 3019 629 3093 voluntatem
647 3018 723 3109 ejus
742 3018 995 3111 operantibus,
1026 3017 1186 3107 judicrto
1205 3014 1371 3109 popule,

307 3118 576 3198 consolandum.

410 3223 468 3293 26.
495 3215 736 3290 Convertitur
751 3215 880 3289 deinde
892 3214 936 3286 ad
951 3212 1200 3305 depellendum
1210 3232 1374 3289 errorem

308 3320 494 3417 gentilium
513 3317 730 3410 prophetico
747 3315 933 3404 sermone,
959 3330 1001 3385 ut
1023 3312 1145 3385 stultas
1161 3327 1269 3403 atque
1284 3315 1374 3386 irre·

307 3417 450 3514 ligiosas
480 3414 747 3511 superstitiones
770 3438 813 3490 ex
838 3415 919 3510 ipsit
947 3412 1235 3507 superstitionum
1260 3413 1372 3486 causis

309 3529 504 3617 coarguat,
541 3517 682 3589 dicens}
718 3517 898 3590 Simulacro
919 3521 1062 3609 gentium
1076 3510 1295 3606 argentumU
1313 3538 1373 3583 art·

309 3644 399 3706 rum,
437 3637 528 3714 opera
545 3640 697 3688 nanuum
714 3617 889 3688 hominum.
943 3621 986 3685 Os
1004 3615 1148 3701 halent,
1183 3613 1222 3687 U
1244 3614 1376 3684 nonin·

308 3736 468 3814 quantun
493 3718 593 3789 oculos
616 3717 753 3804 latent,
780 3715 818 3791 U
839 3741 906 3785 non
923 3715 1098 3799 videbunt}
1120 3738 1215 3785 aures
1228 3713 1370 3804 babent,

309 3816 349 3894 U
369 3843 436 3889 noar
451 3820 602 3903 ausim&
635 3816 911 3909 (nernesheim,
943 3815 982 3892 U
998 3840 1064 3886 non
1079 3817 1274 3901 odoratum,-
1305 3838 1370 3885 ara·

305 3942 369 3989 nus
388 3918 525 4002 halent,
548 3918 588 3995 U
601 3942 667 3990 non
678 3916 871 4016 palpebram
894 3918 981 4012 pedes
1000 3917 1137 4002 halent,
1163 3914 1203 3991 U
1219 3939 1283 3985 non
1302 3937 1368 3985 am·

304 4017 477 4091 lulalunr:
501 4042 567 4089 mn
583 4018 762 4091 clamabunt
779 4027 814 4086 in
827 4035 959 4109 gutture
966 4019 1043 4105 suo:
1057 4022 1080 4109 )
1104 4043 1202 4114 nequa
1218 4015 1255 4109 efl
1268 4017 1367 4112 spiri·

287 4134 358 4330 gius
378 4125 416 4193 t'u
433 4142 486 4194 m
500 4141 615 4194 urunt.
675 4118 805 4195 Similes
820 4121 884 4191 isis
892 4120 1007 4213 fian&
1030 4116 1234 4218 gulferium
1250 4142 1302 4203 ca,
1327 4114 1368 4195 U

1191 4240 1315 4307 onnes,
