3317 4900
419 417 796 528 Coumuu'rnntus
831 453 881 508 nt
914 431 1183 515 Mnrtrrtunr.
1257 457 1329 534 433

260 623 334 698 que
355 601 393 675 in
414 598 579 695 augustiis
600 616 768 670 eavemae·
784 593 1040 691 exiguissima,
1055 596 1167 690 recipi
1187 601 1326 690 poterit

259 697 769 795 belluaeingentisinformitas.
812 693 1238 787 Sedinprimordiolibri,
1262 697 1325 773 sub

261 801 397 877 vestitu
415 797 577 891 Joennir,
603 799 639 869 in
656 796 793 869 camelo
812 792 1133 891 gentessrgnificeri
1146 796 1328 871 admonui·
1410 797 1413 802 '

258 923 355 978 mus.
405 897 518 971 Pecus
534 898 627 968 enim
644 897 717 967 hoc
734 896 854 967 verbis
872 894 1019 986 obedit,
1044 909 1145 969 metu
1162 898 1327 969 contine·

261 1018 348 1093 tur,
369 997 492 1091 iejunii
511 998 649 1090 patiens
665 993 737 1090 est,
763 993 795 1066 ἃ
817 995 920 1067 oneri
933 993 997 1066 suo
1013 995 1161 1086 quedam
1178 995 1327 1089 discipli·

260 1120 320 1176 nae
337 1102 477 1171 ratione
496 1093 710 1169 succumbit:
746 1095 847 1186 cujus
864 1094 1053 1185 exemplo,
1089 1097 1248 1190 gentium
1264 1096 1327 1168 im·

263 1199 415 1274 menites
430 1197 472 1269 ed
486 1195 726 1268 obedientiam
742 1207 1004 1287 preceptorum
1022 1191 1213 1267 coelestium
1229 1216 1327 1268 emo·

262 1299 362 1374 litur.
413 1296 499 1369 Haec
512 1297 620 1392 igitur
635 1293 901 1390 angustissimum
914 1293 983 1363 iter
998 1293 1097 1390 regni
1115 1293 1263 1367 eoelestie
1276 1301 1329 1368 in·

264 1410 434 1472 troeunt:
460 1393 710 1486 acusscilicet,
736 1413 813 1484 quae
824 1391 875 1464 est
884 1391 987 1465 verbi
1000 1394 1091 1465 novi
1104 1395 1327 1485 predicatio,

261 1517 333 1596 per
350 1516 451 1588 quem
472 1503 668 1587 corporum
686 1493 835 1564 vulnere
851 1489 1052 1584 assuuntur,
1078 1490 1255 1567 &dissuta
1267 1515 1329 1566 ve·

262 1596 369 1672 stium
389 1609 622 1682 retexuntur,
657 1591 806 1663 &more
821 1588 892 1684 ipse
914 1594 1178 1688 compungitur.
1231 1592 1329 1689 Ergo

264 1697 372 1786 hujus
389 1713 498 1765 novae
514 1691 775 1785 predicationis
789 1688 862 1762 hoc
879 1692 948 1761 iter
964 1689 1032 1763 est:
1065 1696 1100 1762 in
1123 1693 1221 1783 quod
1240 1692 1328 1766 faci·

263 1795 334 1868 lius
350 1793 550 1865 informitas
566 1795 725 1885 gentium
742 1789 927 1883 introibit,
957 1809 1059 1880 quem
1077 1793 1263 1883 opulentia
1278 1793 1329 1866 di·

263 1894 376 1983 vitis,
402 1891 438 1962 id
454 1890 524 1981 est,
550 1891 735 1985 gloriantis
750 1892 788 1962 in
804 1890 896 1985 lege.

266 2095 1329 2145 ..oe--n—-n———n-'n--ass

416 2369 418 2376 Ι
517 2262 998 2345 ,cneurxn

265 2452 325 2525 De
333 2447 386 2544 spe
399 2446 625 2545 Apostolorum,
658 2447 695 2519 dt
706 2443 886 2539 mviffmtir
896 2454 1011 2547 primis
1025 2444 1212 2539 efficiendis.
1268 2450 1330 2525 vll

263 2553 486 2625 conducuntur
505 2553 640 2644 operarii
658 2550 699 2619 od
720 2554 860 2635 vineam.
931 2554 982 2622 De
995 2551 1081 2641 filiis
1101 2551 1257 2640 Zeledaei,
1294 2554 1330 2625 de

317 2655 422 2746 primo
436 2649 594 2738 accubitu,
619 2650 654 2719 de
668 2649 781 2719 duoles
795 2654 880 2719 cacis
889 2649 973 2737 secus
988 2657 1076 2721 viam
1090 2651 1275 2738 sedentibus.
1323 2728 1326 2733 ,

269 2818 306 2875 1.
323 2795 503 2977 Auditis
528 2798 649 2886 itaque
672 2795 764 2878 istis,
797 2792 956 2887 discipuli
976 2798 1190 2873 admirentur
1208 2799 1242 2873 tr
1258 2820 1331 2876 me-

351 2928 353 2933 ·
422 2907 542 2987 tuunt,
569 2896 744 2988 dicentes,
769 2895 1218 2995 neminempossesalvari„
1254 2900 1333 2973 Do·

267 2996 388 3073 minus
409 2994 606 3087 respondit,
634 2996 706 3067 hoc
724 2996 933 3090 imposibile
953 2995 1134 3091 else-apud
1150 2999 1332 3092 homines,

267 3094 430 3192 poffibile
449 3095 541 3188 apud
563 3095 689 3170 Deum.
740 3093 891 3168 Rursum
908 3097 958 3167 illi
977 3095 1074 3171 diuis
1090 3096 1238 3171 Domini
1256 3100 1332 3172 haec

267 3194 443 3270 reddunt:
469 3192 643 3287 reliquisse
659 3191 693 3266 se
710 3197 841 3285 omnia,
869 3194 901 3267 u
920 3215 1001 3271 cum
1018 3196 1094 3289 ipso
1113 3194 1192 3271 eise.
1244 3199 1334 3297 Qui·

268 3300 341 3371 but
362 3293 556 3384 Dominus,
583 3314 662 3365 cum
683 3291 810 3366 sederit
825 3293 1013 3385 maiestatis
1027 3292 1094 3369 suae
1111 3294 1206 3389 sede,
1232 3294 1333 3373 sessu·

269 3412 337 3467 ros
356 3394 460 3484 super
480 3389 579 3464 sede's
606 3393 817 3483 duodecim,
854 3393 1066 3468 actoridem
1087 3392 1202 3469 tribus
1224 3396 1334 3493 isreel

268 3492 497 3589 judicaturos
514 3489 728 3583 spopondit;
756 3494 1007 3587 omnibusque,
1034 3490 1335 3589 quiuniversere·

271 3592 446 3681 liquerint
461 3605 611 3683 propter
624 3611 756 3665 nomen
773 3583 868 3685 spus,
895 3590 1045 3667 frustum
1063 3594 1227 3689 centupli
1246 3616 1335 3688 prae·

274 3691 339 3767 mii
358 3687 591 3764 reservatum:
617 3692 750 3764 multoe
769 3703 886 3764 eutem
904 3713 948 3765 ex
964 3690 1159 3768 noviffimit
1178 3694 1335 3789 primos,

274 3788 312 3863 δι
331 3806 377 3858 ex
397 3791 517 3877 primis
531 3789 675 3863 futuros
688 3789 909 3865 novissimos.

381 3904 413 3955 2.
439 3882 555 3959 Multa
575 3886 672 3980 sunt,
710 3908 786 3980 quae
809 3909 885 3961 non
906 3886 1022 3964 sinunt
1037 3910 1106 3964 nos
1125 3886 1270 3983 simplici
1284 3893 1337 3966 in·

275 3983 424 4063 telleuu
440 3984 529 4056 diua
544 3990 751 4083 evangelica
763 3988 956 4081 suscipere.
1006 3989 1226 4083 Interpositis
1243 3994 1337 4069 enim

279 4083 463 4164 nonnullis
481 4087 600 4176 rebus,
627 4090 1041 4178 quaeexneturehumani
1054 4086 1168 4164 sensus
1177 4089 1237 4164 sibi
1249 4112 1336 4165 con·

330 4185 368 4264 S.
384 4186 514 4259 Hilarii
527 4180 614 4260 Tum
631 4188 694 4263 sss.
914 4184 980 4265 Ee
1174 4192 1308 4260 *reim
