3317 4900
446 412 827 488 Conmeuraarus
862 431 910 486 tu
945 410 1211 493 Martanum.
1285 436 1359 514 ης

291 592 372 662 ‚tem
389 573 580 671 superioris
597 572 798 664 questionis
814 572 1025 665 absolvens,
1051 593 1135 648 cum
1150 576 1255 652 dicit:
1282 582 1359 666 Vos,

293 679 469 777 quisituri
491 675 561 772 eflis
583 699 649 762 me,
686 679 723 745 in
750 679 982 768 regeneratione
992 676 1181 770 judicabitis
1203 679 1357 751 duodecim

293 779 396 852 eribus
420 775 528 848 lsrael.
589 773 711 847 Secuti
727 776 763 846 in
779 774 1056 868 regeneratione
1072 773 1174 869 sunt,
1208 779 1245 850 in
1260 778 1357 855 lava·

293 876 553 969 orobionem,
577 871 1010 965 infideisantlificauone‚
1034 874 1355 967 inadoptionehae·

292 976 467 1062 reditatis,
492 975 529 1046 in
541 969 800 1047 resurrenione
813 995 857 1046 ex
872 975 1061 1059 mortuis..
1086 974 1174 1048 Haec
1188 979 1283 1051 enim
1295 981 1356 1054 illa

291 1074 520 1172 regeneratio
541 1072 734 1166 est‚'quam
750 1071 921 1166 Apostoli
934 1071 1013 1144 sunt
1024 1069 1148 1165 secuti,
1175 1096 1279 1167 quam
1293 1080 1353 1153 lex
1416 1164 1418 1169 ,

291 1177 478 1270 indulgere
491 1194 567 1246 non
584 1176 725 1266 potuit,
751 1193 827 1264 quer
841 1193 906 1246 eos
923 1171 1026 1265 super
1043 1173 1234 1269 duodecim
1244 1179 1354 1252 thro·

290 1296 381 1362 nos,
407 1276 444 1348 in
457 1273 657 1367 judicandis
675 1273 867 1346 duodecim
883 1271 1047 1344 tribubus
1063 1272 1188 1367 lsrael,
1214 1275 1251 1350 in
1266 1277 1355 1352 duo·

291 1375 409 1450 decim
429 1373 709 1470 patriarcharum
727 1373 842 1468 gloria
856 1374 1056 1464 copulavit.
1106 1371 1246 1448 cetaria
1264 1397 1355 1467 quo·

291 1496 363 1572 que
381 1486 569 1547 contemtu
584 1470 691 1545 seculi
712 1470 746 1545 le
761 1469 1003 1563 sequentibus,
1029 1473 1355 1552 centefimifruilua
1412 1491 1415 1496 ’

291 1575 433 1667 copiam
451 1574 657 1665 pollicetur.
714 1569 786 1642 Hic
809 1571 1019 1645 ceutelrmue
1038 1569 1171 1646 fruilus
1188 1574 1260 1667 est,
1293 1579 1355 1669 qui

289 1676 329 1760 in
348 1673 535 1748 centefima
557 1692 634 1744 ove
657 1690 738 1743 cum
754 1669 885 1743 coelesti
899 1671 1020 1764 letitia
1042 1673 1219 1764 expletur.
1282 1677 1353 1749 llic

290 1772 502 1850 centesimus
522 1769 655 1846 liunus
674 1767 745 1860 est,
778 1789 884 1860 quem
902 1763 1065 1862 perfeilae
1083 1785 1188 1844 terra
1209 1775 1355 1850 ubertas
1426 1769 1429 1780 '

292 1873 534 1963 consequitur.
586 1873 660 1969 Qui
672 1867 838 1944 Eccleliae
853 1870 1055 1961 honoriam
1066 1870 1101 1943 in
1113 1870 1205 1945 Sarae
1217 1895 1356 1971 cogno·

290 1988 419 2066 mento
441 1971 492 2044 est
514 1968 726 2061 destinatus,
758 1965 936 2062 &jactura
949 1970 1035 2064 legis
1052 1989 1093 2040 ac
1115 1967 1186 2045 fide
1201 1995 1356 2072 evange·

289 2075 361 2160 lice
380 2070 638 2163 promerendus
660 2068 728 2142 est:
756 2083 864 2160 atque
878 2071 926 2140 ita
941 2090 986 2140 ex
1002 2068 1195 2160 noviffimie
1217 2075 1353 2166 primos

293 2170 523 2253 efficiendos,
549 2171 629 2260 quia
646 2168 822 2244 noviffimi
838 2166 1034 2242 efficiantur
1050 2189 1097 2241 ex
1113 2172 1246 2265 primis.

393 2291 427 2360 5.
457 2268 570 2345 Simile
585 2270 626 2366 est
640 2291 769 2361 regnum
785 2271 927 2340 roeloreem
944 2270 1069 2339 homini
1082 2272 1355 2366 patrifamiliae,

313 2374 348 2446 ui
362 2376 475 2443 *exivit
500 2374 600 2468 primo
624 2391 716 2440 mone
747 2370 908 2439 conducere
934 2376 1108 2464 operarios,
1149 2369 1354 2464 &reliqua

290 2398 526 2565 {lompamtio
552 2470 669 2545 omnia
687 2478 753 2561 'per
776 2467 811 2543 se
831 2468 993 2543 absoluta
1013 2467 1082 2543 est:
1120 2468 1178 2544 sed
1194 2471 1355 2565 personia

292 2570 584 2667 distinguenda&
599 2568 833 2643 discernenda
847 2570 1071 2661 temporibus
1088 2568 1150 2647 est.
1200 2572 1356 2650 Patrem·

292 2672 444 2746 familias
459 2672 570 2760 hunc,
596 2670 794 2744 Dominum
809 2667 967 2741 nostrum
976 2668 1091 2763 Jesum
1106 2668 1281 2745 Christum
1295 2694 1357 2773 en·⁸

291 2770 434 2845 istimari
453 2766 592 2843 necesse
609 2767 677 2843 est:
705 2769 764 2860 qui
784 2770 897 2841 totius
915 2769 1059 2842 humani
1075 2772 1215 2864 generis
1232 2793 1354 2850 curam

291 2871 450 2961 habens,
490 2870 588 2943 omni
617 2883 783 2960 tempore
808 2864 995 2943 universos
1015 2869 1057 2940 ad
1074 2872 1246 2947 culturam
1267 2875 1355 2969 legia

291 2969 499 3061 ¹vocaverit.
549 2968 703 3041 Vineam
722 2989 839 3059 vero,
871 2969 958 3064 legis
976 2968 1079 3062 ipsius
1100 2990 1193 3063 opus
1213 2970 1248 3045 ἀ
1270 2975 1357 3047 obe·

291 3070 483 3159 dientiam3
523 3068 705 3143 denarium
727 3083 867 3159 autem,
905 3068 1121 3156 obedientiae
1140 3070 1245 3161 ipsius
1269 3091 1357 3164 prae·

292 3173 403 3257 mium
417 3164 602 3266 significari
622 3170 862 3263 intelligimus.
912 3164 962 3239 Et
982 3166 1027 3241 de
1046 3169 1193 3243 denario
1207 3172 1279 3264 jam
1304 3169 1356 3245 su·

291 3270 413 3363 petius
428 3268 668 3343 trailavimus.
718 3267 776 3341 De
793 3269 901 3340 vinea
916 3287 1032 3361 vero,
1059 3273 1301 3361 opportunius
1318 3273 1355 3346 in

293 3366 595 3459 consequentibus
618 3368 793 3443 rationem
822 3365 1024 3449 afferemus.
1084 3367 1218 3443 Forum
1237 3384 1356 3445 autem

320 3486 362 3538 ro
379 3464 499 3540 seculo
513 3468 626 3558 accipi
644 3487 698 3539 res
716 3462 785 3558 ipsa
800 3466 983 3554 admonet,
1010 3467 1230 3557 equabiuter
1242 3472 1356 3544 turbio

288 3490 511 3665 gononum„
526 3569 793 3658 calumniarum,
817 3566 1097 3657 injuriarumque
1110 3570 1357 3653 ¹contentioni·

289 3668 377 3756 bue,
402 3665 672 3740 &diversorum
689 3667 921 3763 negotiorum
937 3663 1204 3749 difficultatibus
1220 3667 1357 3764 semper

292 3762 567 3847 tumultuosum.
1356 3772 1359 3779 '

394 3867 429 3939 6.
455 3864 496 3937 ln
518 3867 629 3955 prima
643 3864 750 3960 igitur
764 3865 876 3956 hora,
900 3878 1041 3958 tempus
1058 3864 1245 3941 constituti
1256 3864 1357 3943 testa·

281 3964 405 4042 menti
429 3964 470 4034 ad
497 3960 584 4037 Noe
613 3985 657 4037 ex
684 3967 847 4038 matutini
866 3961 1125 4060 significatione
1139 3964 1359 4043 noscendum

286 4062 367 4155 est,
402 4064 509 4137 tertia
528 4076 647 4138 autem
665 4062 755 4136 hora
767 4065 815 4235 {d
841 4061 1041 4159 Abraham,
1068 4062 1166 4141 sexta
1181 4064 1357 4237 adsMoy·

354 4224 388 4261 e:
812 4184 882 4239 02
1246 4188 1329 4253 en„
