3317 4900
316 507 388 594 374
470 495 472 502 '
649 483 1043 566 &Hrnsrrr
1099 465 1119 474 ”

316 647 763 736 seribtrsmrliorersrmur3
790 643 1390 744 ipsocapillorumnostrorumsup·

319 769 529 850 putatorum
550 771 703 824 numero
726 749 924 831 indicatur,
959 745 1063 822 salvis
1085 747 1196 823 nobis
1212 769 1259 836 ex
1274 745 1389 838 folidu¹

318 854 471 940 futuris,
503 872 605 929 curn,
640 849 737 940 quod
758 841 1018 924 innumerabile
1033 847 1070 922 in
1090 849 1202 922 nobis
1217 847 1281 936 sit,
1307 867 1391 922 con·

320 951 485 1032 servandi
503 949 536 1022 n
555 947 707 1038 affeuu,
735 948 768 1020 dr
787 941 966 1042 potestate
984 960 1207 1022 numeretur.
1260 943 1390 1022 Nullus

322 1053 430 1150 igitur
451 1068 647 1142 corporum
664 1045 869 1122 nostrorum
887 1045 984 1122 casus
1000 1044 1051 1120 est
1066 1043 1391 1142 pertimescendus,

323 1171 444 1242 neque
459 1151 549 1222 ullus
568 1147 814 1222 interimendae
828 1147 942 1222 carnis
954 1146 1199 1220 admittendus
1212 1144 1268 1222 est
1280 1145 1392 1222 dolon
1418 1195 1421 1206 .

325 1249 472 1340 quando
494 1269 560 1342 pro
578 1260 710 1318 natura
730 1243 797 1320 suae
811 1261 919 1339 atque
940 1245 1088 1338 originis
1105 1245 1332 1320 conditione
1348 1267 1392 1322 re·

326 1347 463 1428 soluta,
489 1351 524 1418 in
542 1342 766 1420 substantiam
787 1343 949 1440 spiritalis
969 1349 1093 1420 animae
1108 1343 1343 1424 refundatur.

241 1459 247 1468 “
429 1469 487 1524 21.
516 1445 561 1518 Et
580 1447 659 1535 quia
679 1445 848 1519 dotirinis
862 1447 990 1521 talibus
1006 1441 1269 1538 confirmatos,
1297 1465 1393 1538 opor·

326 1557 384 1624 tet
397 1548 543 1620 liberam
560 1541 759 1620 confitendi
776 1545 846 1618 Dei
863 1547 993 1622 habere
1004 1541 1271 1632 constantianus
1299 1547 1394 1620 etiam

328 1647 604 1733 conditionem,
643 1660 960 1736 quateremur,
995 1641 1150 1736 adjecit,
1184 1657 1392 1740 negaturum

328 1745 365 1824 se
389 1764 468 1817 eum
491 1741 586 1818 Patri
609 1745 645 1816 in
664 1745 782 1838 ooelis,
809 1746 871 1834 qui
892 1743 1098 1818 hominibus
1112 1743 1151 1818 in
1168 1755 1274 1820 terra
1290 1741 1393 1842 negas·

329 1843 400 1936 set:
437 1864 518 1918 eum
538 1863 671 1936 portu,
707 1845 767 1934 qui
787 1841 967 1918 confessus
988 1863 1109 1918 coram
1131 1843 1351 1920 hominibus
1366 1839 1393 1918 se

329 1941 471 2032 fuillet,
511 1940 586 2016 ase
614 1947 649 2016 in
678 1945 774 2016 coelis
800 1939 1072 2030 confitendum
1109 1943 1319 2038 qualesque
1339 1953 1418 2018 nor·

329 2043 490 2121 nominis
507 2041 554 2114 sui
573 2040 679 2116 testes
695 2041 900 2115 hominibus
916 2037 1124 2136 fuissemus,
1149 2043 1218 2120 tali
1231 2065 1306 2120 uos
1319 2039 1393 2142 apud

331 2139 454 2222 Deum
470 2162 606 2234 patrem
625 2139 832 2217 testimonio
855 2141 930 2231 eius
944 2137 1082 2218 usuros.
1411 2222 1415 2250 Ι

435 2263 492 2318 22.
520 2245 630 2314 Nolite
647 2245 817 2328 arbitrari,
842 2247 991 2340 quoniam
1011 2243 1090 2311 neni
1100 2259 1209 2336 parem
1227 2243 1412 2344 mitterein'

333 2357 463 2420 terram.
516 2343 792 2436 Nonuenipacem
801 2349 938 2427 mittete,
962 2339 1169 2434 sedglodium.
1233 2347 1392 2416 Venienirr

335 2444 476 2535 [enorme
485 2442 592 2533 filium
606 2443 753 2529 adversus
769 2460 902 2540 patrem,
929 2440 1251 2533 &filiomadversus
1265 2464 1391 2524 marren,

337 2543 376 2621 (5
393 2566 513 2615 nurum
532 2543 681 2626 aduersus
690 2551 811 2630 lucrum
826 2543 935 2631 suam,
962 2540 1000 2619 (Ἰ
1016 2549 1141 2612 inimici
1156 2546 1303 2617 bominis
1318 2556 1392 2615 dome·

329 2644 403 2743 siin·
420 2647 497 2738 ejus.
551 2645 642 2740 Quor
664 2642 726 2715 ista
746 2644 872 2717 divisio
890 2641 966 2718 est?
993 2641 1091 2715 Inter
1112 2645 1232 2736 prima
1247 2649 1343 2723 enim
1360 2652 1392 2716 le·

337 2746 390 2839 gis
407 2758 588 2835 praecepta
604 2748 823 2835 accepimus:
850 2743 1154 2834 Honorapatrem
1171 2758 1281 2821 tuum
1297 2747 1393 2821 &ma

338 2856 431 2917 trem
451 2856 557 2915 tuam.
615 2839 663 2912 Et
683 2841 755 2931 ipse
776 2842 957 2915 Dominus
975 2844 1040 2915 ait:
1073 2840 1207 2919 Pacem
1225 2869 1343 2922 meam
1360 2842 1393 2914 do

339 2943 469 3030 vobis,
498 2961 623 3030 pacem
641 2943 808 3030 relinquo
829 2944 948 3019 vonis.
1003 2942 1099 3036 Quid
1114 2941 1177 3016 fibi
1197 2948 1284 3018 vrrlt
1298 2941 1395 3019 millu

340 3041 464 3136 potius
487 3040 621 3132 gladius
645 3042 850 3130 interram,
887 3041 919 3113 u
940 3039 1117 3132 separatus
1136 3064 1155 3113 a
1172 3059 1283 3134 patre
1298 3042 1396 3129 filius,

342 3136 498 3214 &filiun
520 3153 655 3227 matre,
683 3139 843 3215 &nurus
865 3139 1032 3213 aduersus
1051 3139 1219 3227 socrum,
1251 3140 1398 3220 &homi-

341 3241 397 3315 nis
414 3236 599 3311 domestici
621 3241 696 3327 ejus
713 3237 875 3313 inimici?
911 3240 1020 3336 lgitur
1037 3240 1168 3315 exinde
1184 3246 1339 3333 publica
1358 3260 1398 3315 au·

343 3334 489 3413 &oritas
509 3340 682 3429 impietati
702 3340 918 3430 proferetur.
977 3338 1122 3429 Ubique
1142 3342 1255 3434 odia,
1283 3345 1399 3433 ubique

342 3438 462 3527 bella,
499 3437 530 3509 dt
555 3438 688 3532 gladius
712 3440 862 3513 Domini
885 3441 979 3514 inter
1000 3440 1187 3532 patrem&
1210 3440 1348 3532 filium,
1379 3438 1400 3513 dt

342 3539 438 3612 inter
461 3534 565 3609 filiam
586 3551 808 3629 matremque
826 3538 1032 3613 desaeviens.
1095 3536 1143 3611 Et
1159 3540 1199 3611 in
1222 3543 1329 3620 Luca
1345 3540 1422 3633 qui!

343 3634 426 3711 dem
443 3638 522 3707 talis
539 3637 584 3708 de
603 3636 676 3709 hoc
692 3634 809 3710 sermo
831 3636 900 3712 est:
927 3636 1043 3711 Erunt
1056 3638 1151 3710 enim
1166 3661 1214 3714 ex
1228 3642 1307 3717 hoc
1322 3643 1400 3738 quiu-

344 3738 474 3828 quein
498 3757 569 3811 una
593 3734 705 3809 domo
728 3735 850 3827 divisi,
885 3751 957 3811 tres
970 3737 1007 3809 in
1024 3737 1136 3827 duos,
1165 3737 1201 3809 δι
1219 3743 1298 3817 duo
1317 3740 1400 3831 super

344 3845 418 3908 tres
435 3835 653 3912 dividentur.
705 3835 1400 3927 Numquidnoninmajoremnumeruu

342 3933 887 4028 potestagnationisdomesticae
897 3935 1025 4011 familia
1036 3932 1221 4013 diffundi?
1249 3942 1401 4035 Autprae·

342 4032 478 4124 scripto
496 4037 670 4127 temporis
685 4036 963 4126 continebatur,
990 4049 1031 4109 ut
1045 4055 1089 4109 ex
1101 4034 1176 4109 hoc
1188 4038 1308 4114 essent
1321 4036 1400 4131 quin·

343 4150 417 4227 que
436 4143 575 4209 tautum
590 4133 627 4207 in
643 4134 755 4210 domo
771 4156 864 4229 una,
889 4136 1069 4229 iidemque
1085 4132 1216 4214 diviti?
1244 4138 1346 4313 Ergo
1355 4130 1397 4224 qui

836 4254 842 4263 '
1338 4248 1363 4311 rt
