3317 4900
341 479 488 542 mem
578 455 784 533 Seterrae:
799 449 960 534 'earm
980 479 1170 540 courru.

346 641 451 719 quam
464 620 581 695 anima
602 617 637 694 ὰ
655 635 801 711 corpur.
849 615 992 720 Anime
1010 623 1105 698 enim
1120 623 1154 697 dr
1167 626 1333 718 corporis
1345 635 1407 724 ges

345 763 414 822 nur
433 736 484 815 est
504 737 656 814 omnino
671 734 865 827 diversum,
899 753 938 814 rt
959 759 1052 816 vero
1071 744 1234 833 quamvis
1254 740 1406 822 infinitis

345 856 910 962 perfediormgradibuanimr
923 859 1036 935 rDeo
1050 857 1244 956 separetur,
1269 866 1409 940 nondi-

344 975 487 1058 ver'surn
500 993 620 1054 tamen
633 978 1011 1075 utriusquegenurest.
1061 979 1187 1056 Potuit
1196 998 1316 1060 autem
1328 1005 1409 1062 cor·

346 1123 415 1200 pus
434 1113 515 1173 cum
533 1101 649 1176 enimc
664 1095 855 1198 coniungi,
890 1097 1013 1196 potest
1030 1101 1139 1204 igitur
1156 1103 1191 1177 dc
1206 1103 1308 1182 Deus
1323 1117 1408 1186 curu

344 1221 506 1306 homine.

351 1415 354 1420 .
385 1373 389 1382 ·
425 1335 593 1416 ¹Neruini
605 1353 686 1416 non¹
696 1334 995 1432 probabiturhec
1006 1337 1277 1439 interpretatio,
1301 1349 1412 1424 maxi·

345 1483 405 1546 me
419 1462 481 1536 ubi
495 1459 533 1534 in
549 1456 680 1532 eodem
693 1455 783 1532 leco
795 1457 940 1556 legerit:
965 1461 1109 1561 „Quod
1124 1465 1239 1538 veluti
1254 1467 1411 1564 insitum,

344 1577 620 1680 impruffumque
639 1579 806 1662 omnibus
826 1578 890 1672 iit,
916 1575 1073 1656 divinam
1085 1581 1193 1659 ineffe
1209 1586 1318 1662 uobis
1338 1591 1412 1662 ani·

332 1685 485 1790 'marum
501 1696 856 1797 originemopinari,
882 1717 964 1774 cum
977 1719 1054 1774 non
1069 1705 1233 1799 exiguam
1249 1706 1286 1781 in
1305 1705 1340 1782 se
1354 1733 1408 1780 eoe·

346 1827 430 1922 ieflis
440 1824 561 1917 grmris
574 1824 789 1911 emim
807 1837 909 1893 meua
927 1817 1000 1912 ipsa
1020 1824 1265 1920 cognoscat.“
1316 1829 1410 1905 Ver.

346 1945 434 2020 bum
452 1940 547 2016 enim
567 1923 794 2035 coekflis'ioco
815 1940 926 2011 diuini
939 1940 1104 2019 usitatum
1122 1942 1190 2028 est,
1216 1945 1335 2039 ireque
1350 1949 1411 2030 iric

345 2064 528 2155 usurpari,
553 2056 804 2135 antecedentia
816 2057 898 2134 satia
918 2059 1110 2142 declarant.
1162 2064 1216 2139 At
1234 2087 1327 2140 vero
1346 2070 1410 2146 nili

345 2181 468 2262 anima*
481 2177 604 2258 nostra
621 2177 761 2273 spiritua
776 2175 841 2272 fit,
866 2180 956 2256 ficut
968 2179 1069 2256 Deus
1086 2182 1137 2258 est
1150 2183 1304 2278 spiritur,
1329 2207 1407 2280 que

345 2297 447 2386 inea
468 2300 582 2376 divini
604 2298 743 2398 generis
765 2303 961 2397 cognatio,
993 2323 1070 2394 quae
1092 2303 1266 2379 affinitas?
1301 2307 1409 2383 Unde

343 2428 438 2509 dicut
451 2426 547 2501 illam
566 2417 724 2517 superius
742 2423 997 2519 incorpoream
1009 2439 1132 2517 aperte
1148 2425 1271 2509 docet,
1297 2443 1412 2506 utor·

344 2564 429 2629 tura
447 2568 469 2623 a
486 2562 646 2639 corpore
659 2542 915 2635 dissonantnr,
939 2547 990 2617 ita
1009 2543 1169 2635 dumnoc,
1195 2567 1276 2621 cum
1294 2551 1408 2625 divini

345 2669 486 2771 generis
513 2662 734 2760 cognatione
753 2664 935 2756 preditam
955 2664 1083 2757 tradit,
1121 2664 1310 2759 spiritalem
1331 2694 1409 2748 eam

343 2790 420 2871 effe
436 2805 513 2864 oon
530 2788 647 2860 minua
658 2783 772 2876 ,plane
785 2780 970 2881 fignificat.
1020 2782 1153 2877 Neque
1170 2791 1264 2862 enim
1280 2794 1408 2863 anima·

345 2902 581 3005 buacoelestis
601 2904 741 3002 generis
755 2909 1030 3003 cognationem,
1056 2910 1286 3000 divinamque
1304 2910 1410 2986 ineffe

342 3030 525 3127 originem
549 3024 633 3100 ideo
662 3025 776 3119 dixit,
809 3026 910 3118 quod
930 3046 1011 3101 curn
1030 3027 1293 3102 Priscillianistis
1315 3033 1409 3123 apud

342 3144 587 3247 Augurinum
614 3144 699 3221 hur.
724 3167 782 3238 70.
806 3147 1001 3237 quamlibet
1023 3151 1173 3224 animam
1197 3153 1408 3241 opinaretur

342 3268 577 3363 effepertem
588 3261 676 3357 Dei,
700 3264 1278 3359 ejusdemnaturaeusnbstantrae,
1306 3270 1411 3361 cujus

346 3389 399 3469 est
418 3386 532 3463 Deus.
583 3384 730 3487 Quippe
747 3386 834 3460 licet
848 3382 1026 3484 Origenes
1040 3390 1173 3462 erroris
1188 3384 1412 3482 huiuasuspi·

344 3513 456 3587 cione
469 3503 658 3596 laborarit,
682 3505 782 3579 illum
799 3504 968 3580 tamense
983 3526 1025 3578 ea
1042 3508 1078 3580 in
1095 3528 1133 3579 re
1149 3508 1292 3583 minime
1309 3507 1407 3584 secu·

344 3644 424 3709 tum
439 3624 513 3705 effe
528 3621 698 3716 ostendit,
725 3625 809 3697 durn
825 3645 903 3699 non
920 3646 966 3700 ex
983 3623 1185 3717 substantia,
1212 3620 1269 3697 sed
1292 3649 1337 3699 ex
1355 3627 1407 3722 af·

339 3748 428 3847 fletu
445 3751 528 3836 Dn‘,
552 3748 591 3823 0
604 3745 642 3818 dc
657 3744 817 3831 thesauris
828 3746 989 3841 prtefletis
1001 3745 1140 3830 deinc,
1167 3745 1240 3820 hoc
1263 3745 1333 3840 est,
1358 3767 1404 3820 ex

343 3886 417 3943 una
427 3864 496 3940 Dei
514 3863 792 3959 omnipotentia,
819 3864 967 3939 ammam
985 3864 1262 3957 ortumhabere‚
1284 3866 1406 3964 'dropas

242 3988 261 4073 t
343 3990 415 4069 Dei
430 3983 520 4067 eise,
553 4006 632 4079 cap.
653 4003 709 4059 10.
721 3984 759 4057 in
774 3980 892 4058 Math.
910 3988 943 4076 §.
963 4002 1021 4074 24.
1039 3984 1124 4062 &in
1140 3986 1192 4066 Ps.
1211 3992 1270 4082 ⁶7·
1292 3992 1326 4084 §.
1349 4008 1408 4067 tt.

342 4108 406 4207 dib.
426 4124 481 4183 ro.
501 4104 693 4185 deTrinit.
707 4100 817 4199 §.so
833 4101 1020 4197 testatur..
1055 4160 1069 4179 ,
1138 4164 1166 4175 ..
1215 4146 1220 4157 =

1239 4223 1359 4301 Mitti·
