3317 4900
381 449 668 530 Tancrarus
692 470 741 527 tn
766 446 956 529 CXLIII.
981 449 1216 531 estinan.
1267 460 1337 533 261

233 637 238 650 ’
266 626 387 692 toturn
404 612 538 712 sagitta
555 613 639 705 istae,
664 614 701 687 id
718 613 783 707 est,
809 612 980 687 dodirinae
993 615 1026 688 da
1041 615 1335 693 adhortationum

266 720 380 790 verba
400 712 645 808 praestiterint,
674 735 750 805 quae
766 713 892 787 emilia
911 736 998 793 eos,
1025 716 1084 805 qui
1102 715 1156 789 hia
1171 715 1335 792 adversa·

264 818 412 904 bantur,
433 816 672 886 conturbant:
698 812 1213 911 cumceiianteregneeorum‚
1231 813 1333 891 Chri·

263 914 309 991 sti
322 915 425 1009 regni
445 910 659 1006 exspedtatio
676 914 899 1005 praedicatur.

369 1034 426 1101 ¹4·
451 1011 568 1086 Sed&
585 1033 630 1085 ex
645 1015 719 1084 alto
734 1034 858 1085 manus
877 1013 1023 1085 Domini
1033 1012 1225 1094 emittitur.
1250 1012 1330 1089 Ma·

262 1134 352 1191 num
376 1124 493 1185 autem
520 1110 589 1184 Dei
611 1110 807 1186 Dominum
837 1110 997 1185 nostrum
1015 1111 1131 1204 Jesum
1152 1112 1329 1189 Christum

265 1209 456 1309 fignificari
472 1216 509 1285 in
524 1209 682 1305 Spiritu,
710 1232 785 1285 non
804 1211 954 1300 obscura
974 1209 1024 1283 est
1039 1209 1210 1288 dodlrina.
1257 1211 1327 1286 Per

265 1333 349 1387 eum
376 1313 469 1385 enim
498 1309 690 1384 factasunt
715 1314 847 1386 omnia.
900 1308 948 1382 Et
971 1307 1137 1403 scriptum
1158 1312 1326 1408 legimusa

263 1410 398 1485 Manus
414 1411 530 1502 eninr,
567 1412 700 1501 inquit,
736 1431 814 1484 mea
835 1411 1060 1483 auxiliabitur
1081 1410 1132 1483 ei:
1166 1413 1246 1503 quia
1261 1433 1326 1505 per

263 1508 376 1585 filium
390 1509 461 1584 Dei
480 1509 593 1583 homo
612 1508 792 1601 aliumtus,
820 1510 953 1600 laqueis
971 1510 1112 1593 mortis,
1139 1508 1325 1602 &judicio

263 1611 395 1703 iniqua
417 1608 654 1683 damnationis
679 1630 744 1703 per
766 1612 917 1707 gloriam
934 1607 1200 1685 resurrediionis
1221 1613 1326 1704 eripi·

261 1722 335 1786 tur.

369 1825 426 1897 ις.
450 1806 617 1899 Sequitur
625 1809 734 1882 enim:
755 1811 906 1904 Eripeme
914 1809 949 1881 de
957 1809 1176 1908 aquismuitis.
1200 1807 1324 1900 Aquae

290 1909 421 2002 opuloa
445 1908 542 1999 dici,
580 1909 704 1982 uittata
729 1912 893 2005 cognitio
922 1908 993 2003 est,
1032 1906 1053 2005 (
1061 1922 1102 1982 ut
1126 1911 1232 1981 etiarn
1259 1927 1324 2004 per

299 2007 400 2082 seiam
422 2007 600 2082 dicentem
613 2011 800 2084 docemur:
825 2008 980 2101 Propter
997 2008 1070 2082 hoc
1093 2028 1179 2080 ecce
1200 2005 1324 2080 Domi-

262 2128 335 2182 nus
361 2106 507 2181 inducet
532 2104 635 2201 super
658 2129 727 2180 vos
748 2130 872 2199 aquam
893 2109 995 2181 fluvii
1017 2108 1170 2182 validam
1189 2108 1223 2177 δι
1237 2108 1325 2179 mul·

261 2220 358 2301 tam,
396 2207 569 2303 &regem
594 2204 867 2304 Aliyriorum,)
895 2229 1047 2301 quorum
1069 2207 1186 2280 virtus
1217 2218 1324 2295 atque

252 2308 343 2380 ¹uita
360 2308 396 2382 in
420 2308 635 2401 contendum
656 2304 762 2380 finem
779 2308 946 2401 exemplo
966 2328 1065 2399 aquae
1080 2304 1323 2380 transfluentis

255 2405 429 2483 elabitur.
463 2406 533 2482 Ut
551 2408 609 2482 hic
628 2405 721 2481 idein
738 2405 919 2501 Propheta
940 2409 1004 2481 ait:
1030 2408 1217 2482 Perierunt
1233 2403 1323 2479 sicut

258 2527 357 2597 aqua
378 2506 642 2603 preterfluens:
680 2508 761 2600 quia
781 2523 907 2581 natura
921 2527 1064 2599 earum,
1100 2505 1252 2581 celiante
1271 2506 1323 2577 in·

261 2621 455 2681 cremento
474 2610 604 2700 maria,
631 2609 667 2680 in
688 2607 787 2699 quod
802 2607 989 2700 feruntur,
1015 2608 1202 2682 eximitnrz
1230 2606 1323 2676 Etde

260 2706 362 2776 manu
375 2710 488 2803 iniqua
496 2702 641 2797 filiorum
655 2709 839 2779 alienarum.
893 2707 960 2779 Dei
979 2709 1072 2782 enirn
1091 2704 1161 2779 else
1180 2703 1322 2778 destite-

257 2818 360 2897 rant,
387 2805 778 2898 dequibusditiumest:
804 2807 884 2881 Filii
898 2808 1320 2881 alieniinveteraverunt:

258 2903 298 2979 ἀ
313 2905 441 2997 quibua
456 2902 585 2987 didiutn
604 2905 671 2979 est:
703 2908 784 2980 Vna
807 2929 828 2980 e
845 2906 991 2979 diabolo
1011 2921 1112 2997 patre
1130 2903 1222 2979 estis.

363 3007 420 3078 16.
444 3002 614 3097 sednon
638 3006 749 3080 solum
773 3003 838 3079 lilii
862 3006 966 3079 alieni
989 3000 1086 3096 sunt,
1123 3002 1321 3078 Dominum

255 3102 670 3198 suumnontecipiendo,
686 3104 856 3178 sedetiam
866 3106 914 3189 id,
927 3102 1206 3195 quodsequitur:
1233 3109 1322 3194 Quo-

259 3226 334 3275 rum
344 3228 376 3275 aa
390 3204 525 3277 hatum
535 3205 575 3300 ιβ
591 3218 782 3281 vanitatem,
834 3204 985 3276 Vanitas
999 3205 1073 3275 oris
1088 3204 1122 3276 dt
1136 3201 1321 3275 conieliio·

256 3300 317 3375 nic
333 3301 486 3397 fuitilla,
511 3302 793 3397 quadiitumest:
819 3302 1321 3394 Nosnonhabemusregem,

257 3398 327 3475 nist
344 3399 523 3479 Caesarem.
573 3406 704 3500 Regem
724 3405 815 3477 enim
833 3400 960 3492 seculi,
986 3402 1112 3494 idest,
1135 3400 1320 3492 vanitatis,

256 3503 418 3594 populun
428 3502 465 3577 in
475 3523 621 3601 regnunt
631 3517 802 3575 aternum
816 3501 948 3574 eleiius
960 3503 1077 3598 elegit.
1133 3500 1321 3573 Eadextera

255 3624 368 3672 aarum
381 3602 507 3677 wiern
523 3608 720 3701 iniquitatis.
770 3601 893 3692 Iniqua
905 3602 1051 3675 dextera
1064 3602 1127 3690 est,
1155 3601 1321 3692 cumpal·

252 3701 326 3777 mit
343 3699 467 3795 cadit,
502 3723 582 3778 cum
605 3706 714 3798 virgis
737 3703 871 3793 laniat,
903 3722 981 3773 cum
1002 3703 1140 3773 calamo
1157 3698 1320 3790 collidit,

251 3819 342 3873 cum
359 3818 533 3876 coronam
548 3802 700 3894 spineam
717 3814 887 3894 coaptat,
914 3822 994 3875 cum
1011 3801 1119 3873 clavo
1137 3819 1261 3873 manus
1280 3818 1321 3870 ac

249 3899 368 3995 pedet
386 3894 487 3996 figit,
514 3921 594 3974 curn
615 3903 662 3976 fel
681 3915 787 3974 aceto
806 3896 996 3996 admiscet,
1022 3919 1103 3974 curn
1120 3899 1240 3975 omnia
1255 3898 1323 3973 ini·

252 4000 777 4096 quitatiropetaconiumrnat.

752 4200 789 4274 R
816 4214 838 4293 ,3
1108 4142 1307 4277 cattoit*
