3317 4900
392 467 676 546 Tamarus
702 485 750 541 ru
778 449 967 541 CXXIV.
992 459 1230 547 Psanuuu.
1304 497 1353 574 59

293 637 402 708 tatem
418 629 653 705 extendamus
668 633 792 702 manus
807 623 957 700 nostras.
1009 623 1079 700 Sed
1093 630 1195 726 virga
1208 651 1288 710 cum
1302 638 1354 712 in·

292 733 454 824 ciderit,·
472 729 671 803 auferetur:
698 729 920 821 &peccator
937 745 1018 798 cum
1035 727 1251 826 incubuerit,
1277 751 1354 813 non

293 831 574 923 derelinquetur.
626 827 779 901 Buevr
804 845 908 916 usn,
936 826 1106 917 quidquid
1121 831 1296 923 patiemur
1309 839 1354 914 ab

293 929 504 1008 aduersariis
519 929 605 1002 Dei:
631 947 687 1000 ur
712 923 1244 1023 nnoarviiioriaepraemium
1270 936 1356 1012 licet

292 1053 371 1107 non
400 1031 530 1103 habeat
551 1029 665 1122 proelii
688 1027 787 1121 longi
817 1026 990 1099 laborem.
1046 1027 1227 1102 Dominus
1249 1035 1355 1113 adest.

293 1131 414 1220 Etiam
429 1130 453 1204 sr
470 1131 525 1201 vis
544 1129 660 1219 aliqua
671 1127 881 1218 compellet,
909 1123 1142 1201 abstineamus
1156 1152 1279 1206 manus
1290 1157 1356 1209 no·

294 1231 382 1306 strar
403 1232 445 1303 ab
461 1229 729 1321 iniquitatibus,
754 1245 831 1298 non
850 1225 1081 1298 extendamus
1106 1248 1217 1322 opera
1237 1235 1358 1311 nostra

295 1332 332 1403 in
347 1343 510 1423 peccata:
537 1328 620 1420 quia
635 1327 799 1400 Domino
810 1326 848 1397 in
863 1325 1128 1430 circulaunobis
1141 1329 1357 1432 constitute,

294 1432 397 1527 virga
410 1429 614 1523 peccatoris
635 1446 711 1499 non
728 1425 1018 1516 derelinquetur,
1043 1439 1086 1499 ut
1099 1443 1251 1505 maneat.

398 1539 429 1610 8.
455 1527 540 1601 Post
554 1547 630 1616 quae
646 1523 837 1597 conversio
853 1521 895 1594 bt
911 1523 1125 1619 Propheta,
1151 1533 1364 1607 retributio·

296 1651 378 1708 nem
397 1627 596 1702 aDomino
615 1626 668 1717 ei,
701 1624 761 1715 qui
778 1625 821 1694 ab
838 1622 1024 1713 iniquitate
1043 1646 1166 1701 manus
1185 1630 1360 1706 abstinue-

295 1733 344 1804 rit
360 1728 607 1824 imprecantis:
635 1722 775 1814 Benefcc
793 1726 932 1794 Domine
951 1725 1058 1810 ionic,
1083 1725 1123 1802 (5
1137 1727 1232 1800 radiis
1250 1737 1360 1818 cordes

298 1823 664 1924 probitatemufaffl,
685 1821 1360 1926 dcvoluntatisinutroquesrgnificans.

297 1931 428 2004 Multis
447 1926 541 1998 enim
555 1928 614 1996 vel
631 1938 782 2016 propter
797 1921 984 1995 hominum
999 1921 1178 2019 favorem,
1206 1933 1265 2003 uel
1277 1951 1364 2025 pros

299 2046 383 2122 pter
399 2027 595 2120 periculum
608 2024 642 2095 δι
657 2036 804 2113 metum,
831 2021 912 2094 faui
925 2041 1017 2114 opus
1030 2023 1166 2098 bonum
1179 2029 1238 2104 est.
1290 2032 1365 2104 Vc·

299 2147 381 2201 rum
404 2123 528 2197 nisiex
547 2123 739 2195 voluntate
760 2123 848 2195 boni
862 2122 979 2209 simus,
1005 2123 1137 2196 etiamsi
1157 2127 1362 2203 hominibus

299 2226 391 2300 boni
413 2224 638 2310 videbimur,
663 2235 784 2295 tamen
798 2221 884 2293 Deo
906 2222 993 2293 boni
1010 2241 1086 2295 non
1110 2223 1247 2298 sumus:
1282 2231 1365 2319 quia

300 2343 535 2402 PERFECTA
561 2341 761 2395 nourrns
778 2320 814 2392 in
829 2318 913 2392 redii
925 2320 1043 2394 cordis
1053 2325 1363 2404 consistiraffeilu.

402 2447 436 2520 9.
462 2423 671 2497 Retributio
686 2435 804 2494 autern
820 2433 860 2492 ut
874 2420 978 2494 bonis
995 2421 1113 2518 adest,
1147 2425 1196 2498 ita
1214 2426 1248 2499 u
1264 2429 1364 2503 malis

302 2546 379 2600 non
398 2523 503 2597 abest.
552 2521 647 2595 Nam
673 2522 845 2612 sequitur:
888 2524 1096 2597 Declinanrer
1112 2544 1216 2598 aurem
1231 2531 1271 2599 cd
1289 2531 1378 2598 alib.

324 2630 443 2696 oriones
474 2624 602 2693 adducet
634 2625 792 2692 Dominus
823 2628 1116 2717 cum-operantibus
1146 2632 1363 2725 iniquitatem.
1422 2670 1425 2677 ·

302 2652 356 2795 fit
372 2722 430 2796 hic
444 2741 588 2813 quoque
605 2721 755 2812 duplicis
771 2717 1009 2815 significantia
1026 2721 1139 2798 sermo
1154 2725 1223 2809 est,
1259 2728 1367 2802 decli·

302 2825 466 2897 nantium
483 2821 525 2894 ad
543 2820 804 2917 obligationes,
843 2820 875 2893 dc
898 2824 1122 2913 operantium
1149 2826 1365 2918 iniquitates.

304 2924 377 3021 Qui
409 2922 612 3002 declinant,
645 2942 689 2993 ex
718 2920 789 2992 alio
816 2920 852 2994 in
883 2921 976 2992 aliud
1008 2922 1205 3016 declinant,
1237 2927 1366 3021 idest,

305 3044 351 3095 cx
390 3023 496 3094 bonis
536 3020 707 3114 operibus
741 3017 826 3092 redii
866 3020 986 3092 cordis
1035 3024 1072 3095 in
1113 3026 1365 3118 obligationes.

304 3120 356 3195 Et
378 3142 462 3213 quas
486 3117 555 3193 elle
582 3120 822 3215 obligationes
839 3117 1113 3197 existimabimus
1127 3123 1159 3197 2.
1182 3122 1249 3197 Eas
1272 3147 1369 3200 nem.

306 3242 378 3314 pe,
419 3241 504 3310 quas
540 3217 632 3290 solvi
667 3219 849 3310 Propheta
878 3220 1048 3311 monuit,
1092 3223 1237 3297 dicens:
1278 3226 1369 3301 Non

308 3321 379 3392 tale
393 3320 566 3411 jejunium
586 3319 700 3413 elegi,
726 3318 812 3391 dicit
833 3317 1038 3407 Dominus3
1064 3317 1123 3395 sed
1146 3322 1247 3395 solve
1261 3345 1370 3400 omne

306 3420 491 3492 vinculum
511 3416 907 3509 iniquitatis5dissolve
927 3421 1165 3515 obligationes
1178 3426 1372 3497 vehemen-

296 3518 397 3590 =tium
418 3518 752 3592 commutationum.
805 3515 934 3609 Siquis
955 3540 1043 3615 ergo
1062 3519 1117 3612 se,
1145 3542 1165 3593 a
1182 3520 1371 3619 praeceptis

309 3616 381 3691 Dei
407 3618 609 3710 declinans,
648 3617 702 3690 his
725 3618 1005 3713 obligationibus
1025 3623 1275 3716 colligaverit3
1314 3622 1373 3699 ad·

311 3718 464 3790 ducetur
481 3736 561 3789 cum
579 3719 811 3811 operantibus
825 3716 1063 3813 iniquitatem,
1090 3722 1125 3793 in
1139 3714 1373 3799 eamdemse't»

309 3817 398 3889 licet
424 3814 603 3888 sententia
626 3838 762 3912 poenam
779 3816 1032 3910 transgrelior,
1066 3818 1260 3910 &iniquus
1277 3822 1374 3903 futu·

309 3936 382 3991 rus.
435 3915 610 4015 Quicnim
620 3932 790 4010 operatur
800 3916 1035 4007 iniquitatem,
1063 3921 1106 3991 ab
1117 3914 1375 3999 observatione

310 4017 399 4115 legis
418 4018 552 4088 alienus
571 4012 638 4089 est:
666 4018 724 4107 qui
746 4031 865 4089 autem
882 4016 1037 4090 declinat
1057 4019 1218 4117 exlege,
1244 4023 1375 4121 legem,

311 4118 349 4190 in
367 4136 437 4211 qua
451 4114 576 4192 mansur
591 4128 694 4199 ante,
720 4116 990 4214 transgreditur.

1152 4239 1210 4293 ro.
1235 4216 1329 4294 Non
