3317 4900
240 435 291 458 ..
377 464 658 544 Taacrarus
680 431 732 537 sn
756 457 944 536 CXXIV.
964 457 1205 588 sannarum.
1280 463 1328 537 61

268 623 357 710 Non
383 629 478 706 enim
496 623 715 701 Hierusalem
729 618 1124 720 ipsasanttificationen
1138 623 1330 722 babitanti-

264 727 334 809 bus
356 729 552 818 afferebat,
577 739 617 797 ut
634 726 809 798 habitatio
826 725 901 814 ejus
919 719 1058 795 firmata
1077 721 1163 797 esset
1177 741 1327 808 eternae

267 855 351 907 cum
369 829 500 903 exinde
518 825 707 920 sacrilegia,
734 824 848 896 eudes
859 821 1132 917 Prophetarum,
1155 825 1328 917 jndicium

265 931 398 1008 mortis
413 930 450 1001 in
466 927 605 1017 Deum,
640 925 722 1020 iuga
735 919 1023 1017 Apostolorum,
1050 921 1173 996 Crucis
1188 924 1329 1001 scanda-

266 1036 341 1106 lum
363 1029 415 1104 sit.
467 1025 678 1099 Habitantes
700 1036 818 1096 autem
838 1024 874 1095 in
899 1043 975 1095 eam
999 1024 1141 1114 quoties
1166 1025 1329 1118 captivi?

267 1131 412 1224 quoties
430 1123 604 1220 peremti?
630 1123 686 1196 nd
701 1123 865 1196 ultimum
881 1121 1009 1194 civitas
1025 1122 1148 1197 eadem
1164 1124 1326 1204 funditus

268 1234 385 1304 diruta
403 1226 463 1303 est.
515 1220 732 1299 Hierusalem
751 1224 872 1314 itaque
891 1221 1015 1296 eversa
1028 1225 1155 1316 populi
1176 1226 1252 1317 ejus
1267 1249 1327 1302 ex·

267 1329 367 1405 tindi
380 1328 474 1401 sunt:
500 1326 610 1400 hodic
621 1325 657 1396 in
675 1344 717 1395 ea
733 1342 809 1394 non
825 1320 1015 1414 Sacerdos,
1041 1343 1119 1396 non
1129 1321 1325 1423 Propheta,

265 1452 342 1506 non
360 1430 539 1519 princeps.
589 1420 639 1494 Et
657 1419 844 1514 quomodo
860 1421 1035 1495 habitatio
1048 1423 1123 1515 ejus
1138 1444 1215 1508 non
1229 1447 1328 1503 com·

265 1528 476 1606 movebitur
491 1527 527 1597 in
548 1519 745 1595 aeternuml
781 1520 816 1591 dc
831 1520 1010 1594 Dominus
1027 1523 1065 1596 in
1085 1525 1237 1598 circuitu
1256 1548 1327 1620 po.

263 1630 342 1726 ¹puli
362 1623 466 1722 ejus?
499 1623 568 1697 Sed
589 1623 669 1714 quia
684 1624 722 1693 in
738 1619 813 1692 hoc
829 1633 954 1693 monte
969 1620 1101 1696 studius
1121 1621 1327 1719 Prophetiae

267 1731 385 1804 nullus
409 1725 475 1812 est,
514 1721 597 1816 quid
619 1713 657 1793 in
686 1731 814 1793 monte
841 1719 990 1818 intelligi
1014 1736 1186 1816 oporteat
1208 1723 1325 1802 Esaias

268 1831 394 1920 docet,
420 1823 579 1898 montem
591 1819 737 1894 Domini
749 1815 1141 1917 excelsumsrgnificrns,
1167 1824 1327 1918 adquem

267 1942 394 2026 gentes
411 1938 573 1996 venturae
592 1920 714 1996 essent.
769 1920 845 1991 Ecce
864 1922 958 1989 mitro
974 1924 1012 1989 io
1020 1918 1232 2013 fundamenta
1244 1932 1327 2000 Sion

267 2030 403 2124 lapidem
424 2023 627 2119 praclarum,
657 2016 805 2105 cladium,
835 2017 1038 2113 angularem,
1071 2028 1257 2118 pretiosum3
1284 2029 1326 2106 θ’
1360 2085 1363 2090 ,

267 2135 327 2225 qui
340 2125 436 2196 credit
455 2126 492 2192 im
509 2121 599 2204 eum,
623 2145 689 2190 mom
707 2119 931 2210 confundetur.
982 2116 1069 2193 Hoc
1085 2122 1122 2196 in
1140 2124 1227 2198 loco
1246 2128 1325 2201 sun·

266 2228 472 2299 dementum
496 2218 670 2294 Christum
692 2216 886 2315 fignificat3
926 2240 991 2311 per
1014 2225 1241 2311 quembeata
1267 2227 1327 2302 illa

266 2320 749 2418 Ecclesraintelligividetur,
776 2316 1327 2411 quamApostolusalionomine

264 2421 486 2502 Hierusalem
504 2433 689 2513 nuncupat
706 2417 847 2492 dicens:
872 2405 953 2512 Qua
967 2444 1054 2491 nunc
1073 2422 1114 2518 nl
1128 2425 1327 2515 Hierusalem
1365 2454 1367 2461 ·

260 2527 407 2622 serviens
420 2549 487 2594 cum
497 2526 582 2613 fillis
592 2523 678 2607 suis:
706 2540 749 2593 ea
765 2533 906 2611 autem,
934 2538 1012 2610 qun
1027 2519 1157 2597 sursum
1175 2524 1226 2599 est
1241 2526 1328 2601 Hie·

265 2625 430 2706 rusalem,
455 2625 566 2694 libera
585 2619 647 2699 est,
674 2639 751 2709 quae
765 2617 816 2691 est
831 2633 945 2693 mater
961 2617 1092 2697 nostra.
1143 2624 1327 2703 Habemus

267 2744 358 2820 ergo
378 2737 538 2797 montem
566 2721 652 2792 Sion
680 2718 847 2813 Domini,
884 2719 1054 2795 habemus
1079 2722 1113 2797 dt
1134 2723 1328 2805 Civitatem

267 2824 339 2899 Dei
365 2819 602 2895 Hierusalem:
636 2819 828 2893 &nomen
849 2823 982 2893 montis
1006 2822 1258 2921 interpretatio
1276 2826 1327 2903 en

266 2923 474 3017 speculatio.
539 2917 734 3010 Sequemur
760 2939 850 3015 ergo
871 2916 1108 3019 Apostolum,
1144 2921 1326 3017 sequamur
1398 2950 1407 2961 ·

266 3021 524 3117 Evangelium‚
557 3017 740 3110 sequamur
766 3016 977 3111 Prophetas.
1038 3020 1328 3102 Confidamus'in

268 3121 445 3212 Domino,
473 3120 530 3212 qui
546 3140 650 3193 mons
664 3116 775 3191 didius
792 3116 860 3190 est:
885 3119 1086 3196 habitemus
1100 3127 1244 3200 nuncin
1260 3123 1328 3198 Ec·
1359 3154 1363 3163 ¹

256 3223 370 3296 ‘clelia
386 3214 624 3313 Hierusalem,
651 3239 728 3312 que
744 3237 820 3292 non
834 3233 1006 3293 movetur
1022 3222 1059 3294 in
1076 3238 1257 3299 eternum.

373 3319 422 3394 Et
447 3326 606 3393 Dominus
629 3324 817 3391 incircuitu
830 3322 935 3415 populi
945 3320 1000 3409 sui
1015 3347 1054 3394 ex
1068 3325 1141 3415 boc,
1173 3325 1213 3401 (5
1232 3346 1327 3419 usque

268 3426 306 3492 in
323 3422 469 3506 seculum
520 3418 606 3490 Hoc
623 3417 660 3489 in
675 3418 763 3489 loco
777 3421 814 3487 in
829 3423 966 3492 circuitu
974 3424 1078 3519 populi
1089 3422 1327 3517 Evangelium

266 3515 449 3615 significat.
505 3515 672 3608 Namque
692 3537 771 3590 cum
786 3515 830 3590 ad
845 3517 1012 3613 Moysem
1029 3523 1206 3599 Dominus
1227 3521 1331 3595 dixis·

268 3618 342 3693 set:
371 3620 445 3695 Ecce
463 3622 598 3712 Angelus
612 3642 696 3687 meus
712 3622 931 3707 antecedette3
957 3622 1018 3695 ille
1027 3622 1227 3716 respondit:
1255 3620 1330 3719 Nafi

268 3736 309 3793 tu
325 3742 439 3787 mecum
454 3722 601 3801 ambulas,
624 3741 664 3789 me
681 3740 729 3789 me
746 3720 878 3813 expellas
893 3722 991 3792 hino?
1033 3719 1174 3796 Bonum
1187 3721 1330 3812 quidem

265 3817 463 3915 presidium
488 3815 639 3913 Angeli‚
674 3814 734 3891 sed
749 3820 873 3892 melius
894 3820 1061 3898 Domini:
1096 3820 1215 3894 multis
1235 3824 1330 3899 enim

267 3923 383 3993 anima
397 3914 516 3989 nostra
532 3916 656 4008 postea
673 3919 808 4009 laqueis
828 3923 1029 4014 appetitur,
1066 3919 1186 3993 multis
1203 3922 1330 3995 adver·

266 4018 324 4094 sus
341 4039 408 4091 nos
428 4018 532 4089 armis
549 4017 745 4093 dimicatur.
808 4017 930 4094 Sciens
953 4039 1042 4113 ergo
1057 4008 1235 4095 Dominus
1252 4040 1330 4097 non

268 4115 440 4195 adversus
467 4136 630 4210 caraem,
664 4116 699 4190 dt
721 4113 924 4215 sanguinem
943 4120 1052 4194 nobis
1072 4118 1333 4295 pugnamse‘lilm

1239 4240 1258 4293 e
