3317 4900
374 467 381 477 ’
502 517 506 528 ·
542 471 593 556 ult
616 465 816 552 Scar'r'ra
839 473 1045 556 tir-anan.
1084 455 1103 470 ”
1250 481 1335 552 xxc·

260 640 418 737 primum
433 639 479 713 rle
491 635 633 713 Christo
647 635 831 733 praefatum
858 619 1046 732 „lpiebbl
1059 635 1326 714 tennemonn

262 759 315 836 est
329 760 524 852 Dominus,
546 756 622 853 ipse
642 759 725 832 huic
743 771 926 846 emortuo,
951 757 1092 831 &intra
1102 757 1330 852 sepulchrum

260 879 396 960 relicto
406 881 549 974 torpori
561 880 692 953 dlvinae
700 893 836 952 natura·
845 875 912 950 l'uae
920 876 1048 949 tribuit
1057 875 1328 954 conibrtium:“

260 1002 398 1080 deinde
412 1001 455 1074 de
473 998 638 1074 universa
649 987 836 1073 hominum
853 996 1113 1071 rellrrreelione
1130 996 1338 1076 sermonem.-

263 1123 318 1202 ssc
334 1120 574 1215 prosequiturr
602 1117 772 1211 „Neque
789 1119 883 1192 enirn
899 1116 1146 1192 resurretione
1162 1119 1328 1192 omnbus

265 1235 314 1318 rb
330 1244 512 1315 exteriore
529 1240 674 1316 materia
696 1259 829 1332 corpus
845 1237 1063 1331 acquiritur,
1094 1256 1214 1331 nequo
1230 1259 1331 1332 pere·

262 1362 375 1458 grino
391 1362 560 1458 originia,
587 1375 887 1449 externarumque
904 1356 1086 1434 causarum
1104 1369 1233 1430 natura
1251 1357 1332 1432 tetl-

259 1467 432 1569 'hiberum
463 1480 523 1555 sed
544 1478 693 1574 idiplltm
711 1482 747 1553 ln
771 1477 971 1574 proieilum
994 1493 1137 1552 eternae
1157 1477 1341 1552 claritatir·
1402 1459 1408 1470 ⁵

263 1603 432 1698 emergit,
458 1599 573 1693 fitque
588 1601 624 1673 in
637 1619 683 1674 ec
699 1598 944 1678 demutatione
955 1601 1094 1698 potius,
1119 1617 1223 1698 quam
1234 1619 1334 1676 crea·

265 1720 393 1815 tione,
419 1715 784 1814 quodnovumllt.“
901 1741 908 1752 ·

218 1875 223 1884 ·
369 1840 546 1944 Apertum
564 1841 614 1914 cst
630 1841 663 1912 u
681 1841 754 1913 boc
770 1835 871 1912 trabi.
886 1835 938 1910 Pi.
955 1859 987 1910 a.
1005 1844 1041 1932 §-
1055 1859 1115 1926 41.
1141 1835 1332 1932 „Currite
1366 1921 1372 1928 ,

267 1958 325 2036 ἂι
346 1962 524 2053 reparabit
540 1981 618 2038 uon
635 1982 679 2034 ex
700 1961 767 2034 alia
784 1960 920 2053 aliqua,
947 1955 1005 2032 sed
1025 1980 1070 2031 ear
1086 1957 1203 2030 veteri
1223 1971 1332 2046 atque

265 2080 345 2173 ipsa
365 2082 510 2177 originis
530 2081 601 2154 tuae
622 2081 771 2156 materie
790 2076 943 2173 speciem
955 2080 1024 2151 illia
1044 2075 1251 2171 complaciti
1270 2075 1333 2148 libi

269 2199 416 2274 decoris
438 2202 661 2293 impertiens:
694 2215 736 2272 ut
758 2199 1043 2291 corruptibilium
1073 2215 1270 2290 corporum
1294 2196 1334 2267 in

267 2321 559 2415 incorruptionis
580 2322 730 2418 gloriam
747 2317 957 2392 resurrectio
975 2337 1052 2392 non
1066 2318 1216 2390 interitu
1231 2311 1334 2389 natu·
1352 2412 1357 2418 Ι

247 2443 517 2537 ’ῐιπιροιίπιαῆ
542 2440 602 2517 sed
612 2442 789 2533 qualitatis
800 2439 1197 2515 conditionedcrnutet.
1242 2435 1346 2511 Nou¹

270 2564 369 2637 cuim
385 2563 479 2636 aliud
500 2582 655 2657 corpus,
682 2567 843 2657 quamvis
857 2567 893 2637 in
910 2564 1005 2636 aliud
1020 2559 1190 2658 ressrrget.
1216 2610 1226 2634 .
1275 2558 1347 2631 Flu

270 2703 363 2778 crgo
383 2684 603 2776 demutatio,
628 2682 686 2756 led
707 2706 783 2757 non
803 2678 952 2758 affertur
969 2685 1135 2758 abolitio.
1186 2678 1335 2759 Etcum

268 2802 323 2896 ld,
351 2802 450 2895 quod
468 2803 550 2897 luit,
576 2804 678 2896 inid,
705 2805 801 2894 quod
817 2805 989 2899 nonfuit,
1015 2803 1139 2904 surgit,
1165 2804 1337 2878 nonanti·

267 2923 314 3006 lit
337 2922 532 3019 originem,
557 2923 615 2997 sed
632 2924 791 3019 profecit
806 2925 850 2998 ad
867 2927 1094 3002 honorem.“
1130 2926 1134 2931 ’

374 3042 507 3135 Neque
521 3045 808 3139 pratereundum
822 3044 892 3134 est,
918 3046 1017 3136 quod
1037 3047 1078 3119 in
1091 3043 1143 3120 Ps.
1159 3046 1218 3137 ⁶7·
1231 3042 1264 3131 b.
1276 3058 1341 3139 332·

269 3163 399 3241 habeta
422 3163 635 3258 „Nunquid
653 3165 720 3238 alia
736 3187 813 3239 vox
830 3165 952 3260 potest
965 3169 1080 3261 major
1091 3166 1162 3241 elle
1177 3166 1337 3254 virtutis,

272 3302 379 3375 quam
405 3283 658 3359 dissolutorum
686 3306 884 3382 corporum
911 3289 1100 3382 pulverem
1127 3288 1165 3361 in
1183 3285 1338 3358 formam

272 3424 421 3501 eogere,
447 3402 732 3500 soliditatemque
746 3410 1001 3497 membrorum,
1024 3408 1186 3483 &vitam
1200 3401 1337 3478 rursum

273 3525 489 3601 inhominca
504 3528 921 3622 animaequerevocare,
948 3527 1265 3621 &corruptionem
1279 3545 1339 3601 na„

275 3646 571 3742 turcimbetillia,
596 3646 1339 3742 naturacelestisincorruptionemutarel

261 3763 369 3841 'Haec
391 3764 551 3844 humana
574 3768 646 3864 spei
670 3791 756 3843 vera
779 3770 813 3844 &
839 3768 995 3864 perfebla
1018 3766 1217 3843 constantia
1238 3767 1348 3844 est.“·

258 3885 317 3981 „ln
340 3885 397 3960 hit
416 3884 569 3962 Hilariua
595 3887 771 3984 surpeblar
794 3888 963 3987 Origenia
983 3891 1030 3962 de
1045 3886 1166 3962 nostra
1184 3886 1340 3963 resurae.

274 4006 398 4089 ellone
419 4004 610 4089 sententiaa
628 4028 705 4089 non
725 4012 841 4085 minua
858 4011 1056 4109 prudenter
1071 4025 1201 4105 cavet,
1235 4026 1347 4101 quam·

769 4134 843 4227 bs'
1196 4129 1304 4213 --iu
