3317 4900
287 479 361 550 τοι
620 447 659 530 S.
708 449 1024 560 litun(
1093 507 1100 514 -
1288 487 1309 556 ·:'
1393 447 1396 560 1

288 617 426 694 delitiis
442 633 521 692 mx
542 611 614 704 est,
652 613 1174 716 quiafimlinill-inlh.
1218 615 1361 710 illuni-1

289 721 433 792 bibitur
451 729 570 788 autem
591 713 640 786 ob
662 715 719 804 id,
752 716 890 806 quiaut
904 717 1089 808 tenebre,
1120 717 1355 800 intlumen

289 817 412 892 aDeo
434 815 525 904 lint,
564 827 716 906 potente
730 815 1356 900 tenebmummdimmter·

289 919 410 994 lumen
429 916 465 988 in
482 915 654 988 tenebris.
717 911 767 986 Et
785 915 967 988 audinum
983 913 1078 988 istud
1095 910 1358 1016 Evingelillm

291 1021 486 1092 docentem
506 1015 575 1086 ita:
606 1012 656 1086 Et
677 1017 738 1085 lux
762 1016 863 1086 lucet
877 1015 1118 1110 intenebris,
1148 1017 1188 1092 ἃ
1204 1021 1358 1096 tenebre

290 1141 369 1196 earn
386 1137 459 1192 non
477 1113 850 1206 comprehenderunt:
881 1115 947 1186 illo
967 1129 1151 1208 potente,
1176 1133 1223 1194 ut
1235 1121 1301 1194 lux
1318 1121 1359 1198 iit

291 1219 328 1292 in
350 1217 528 1304 tenebris,
554 1214 710 1286 tenebris
727 1233 803 1286 non
822 1217 1036 1308 potentibus
1049 1215 1358 1300 obhrintiel'un

290 1315 400 1396 nobie
415 1317 533 1386 lumen
552 1311 707 1386 indefeffi
724 1314 868 1385 luminis
885 1313 1212 1406 comprelme.

396 1436 452 1490 27.
478 1409 643 1500 Sequitur
658 1413 805 1486 deinde:
834 1415 925 1508 Quia
940 1431 999 1502 ru,
1022 1417 1185 1498 linia,
1205 1415 1359 1516 μιμῇ·

294 1539 382 1590 term
397 1537 494 1598 meos,
521 1511 678 1607 suscepisti
696 1537 742 1583 nrt
758 1515 794 1583 de
808 1519 1026 1586 ueremi}
1043 1537 1128 1594 ιιι.
1181 1519 1358 1610 Cnfirdu

294 1619 364 1696 reli,
389 1617 462 1708 quia
480 1613 956 1704 terribiliterrrrirr'firatrtrfifl.
1004 1611 1359 1694 Tenetetimnum

293 1713 456 1792 ordinem
472 1705 738 1804 significationis
755 1715 962 1805 utriusque,
990 1727 1034 1786 ut
1047 1711 1084 1786 se
1099 1713 1137 1788 (e
1150 1715 1359 1814 hominen,

293 1811 328 1886 tr
351 1811 468 1884 Deum
486 1810 630 1886 doceat.
679 1809 768 1886 Cum
784 1813 879 1886 enim
893 1811 1359 1904 poffideutunueorm

293 1913 394 2004 ejus,
428 1910 462 1986 bt
483 1931 503 1982 a
524 1913 647 1986 matris
667 1925 774 1984 utero
791 1909 1000 2004 suscipitur,
1033 1917 1245 2006 corporalis
1261 1917 1357 1994 ineo

293 2011 460 2086 conditio
480 2011 707 2118 monstratqr.
756 2007 797 2083 ln
815 2011 960 2084 renibus
975 2011 1071 2086 enim
1083 2015 1359 2110 voluptatist&

294 2109 408 2188 causa.
459 2110 530 2185 Sed
546 2113 646 2201 cujus
665 2129 768 2180 renes
783 2130 804 2181 a
822 2107 908 2184 Deo
927 2109 1169 2204 poffidentur‚
1202 2135 1288 2190 nou
1300 2137 1357 2192 ex·

295 2226 385 2286 eunt
409 2211 445 2284 in
465 2211 673 2304 voluptates
699 2213 868 2302 corporis
886 2211 1071 2283 incentiva
1089 2209 1264 2294 lascivire.
1311 2211 1358 2312 Et

295 2313 356 2406 qui
371 2313 414 2384 ab
430 2325 537 2384 utero
555 2311 674 2384 matris
693 2307 905 2404 suscipitur,
928 2331 1005 2383 non
1020 2309 1065 2382 ad
1082 2323 1201 2404 opera
1218 2313 1357 2414 seculit

294 2407 382 2489 Deo
404 2411 584 2501 susceptus
609 2407 764 2485 excedit
823 2409 950 2485 Omnis
966 2408 1073 2507 igitur
1089 2413 1170 2502 ejus
1184 2415 1358 2495 voluntat

295 2536 339 2589 ac
354 2514 458 2585 labor
473 2508 523 2585 est
541 2508 679 2585 Patrem
693 2510 900 2602 predicare,
927 2514 1155 2587 voluntatem
1172 2512 1290 2590 Patris
1300 2536 1356 2593 ex.

293 2615 416 2707 plere,
442 2624 626 2705 acceptum
642 2631 662 2680 a
676 2608 780 2685 Patre
796 2612 942 2685 calicem
959 2613 1093 2686 bibere.
1154 2612 1248 2690 Haee
1262 2617 1356 2695 enim

293 2708 537 2801 hominissui‚
573 2730 677 2802 quem
699 2707 871 2793 ellurum,
907 2707 1130 2787 officiasunt.
1183 2710 1259 2793 Sed
1274 2736 1355 2793 cum

295 2812 363 2885 ait:
392 2812 648 2900 Crmsrtcboriibi,
675 2815 748 2905 quia
757 2812 949 2883 terribiliter
965 2815 1154 2902 mirificatur
1159 2813 1243 2901 sum,
1269 2836 1355 2889 con-

293 2908 477 2987 ferronem
499 2929 643 2983 omnem
661 2909 828 2983 terribilis
847 2911 891 2983 de
914 2909 948 2981 se
964 2911 1207 2986 admirationis
1218 2914 1261 2987 ad
1273 2916 1353 3008 glo.

291 3006 932 3085 riamdivinaesubstantiaesuaereddit.
975 3008 1352 3095 Mirificatusestenim

294 3107 403 3200 obid,
422 3105 979 3199 quiaDeuspolleditrenesejus,
998 3111 1353 3199 quiaamatrisutero

292 3212 478 3299 susceptus
495 3204 557 3282 est.
603 3206 671 3279 Per
684 3208 718 3279 id
743 3207 858 3287 enim,
889 3209 986 3299 quod
1006 3211 1179 3283 voluntas
1197 3216 1295 3307 ejus,
1319 3212 1353 3290 bt

293 3309 462 3405 operatio
482 3306 563 3380 Deo
585 3305 705 3380 dedita
724 3306 814 3398 fuir,
845 3306 1023 3381 mirificari
1044 3311 1255 3387 terribiliter
1272 3334 1351 3407 pro.

293 3409 438 3491 meruit.
487 3402 701 3481 Mirificatus
724 3421 842 3481 autern
861 3410 1067 3482 terribiliter
1087 3409 1158 3501 est,
1186 3412 1272 3487 dum
1289 3413 1359 3487 ho·-
1394 3478 1396 3493 .

293 3509 344 3583 ¹ris
362 3506 478 3583 crucis
497 3503 768 3597 tenebraesunt,
795 3506 877 3581 dum
892 3513 1013 3584 tremit
1033 3521 1148 3602 terra,
1175 3512 1262 3586 dum
1277 3512 1351 3589 saxa
1394 3514 1396 3547 ²

293 3620 529 3700 rumpuntur,
568 3604 649 3677 dum
667 3618 792 3696 patent
805 3604 1011 3699 sepulchra,
1046 3609 1128 3681 dum
1144 3615 1283 3684 mortui
1301 3633 1350 3685 re-

229 3712 231 3719 '
293 3704 455 3805 surgunt,
482 3706 565 3780 dum
578 3704 614 3777 in
625 3703 753 3780 eodem
764 3706 1244 3803 corporeipseconipicitur,
1272 3714 1348 3786 dum

293 3806 541 3901 clrufisjrnuis
556 3802 618 3879 soli
634 3803 694 3877 irbi
713 3806 922 3896 penetrabili
943 3807 1040 3879 aditu
1057 3807 1185 3901 affistit,
1213 3811 1299 3887 dum
1312 3808 1349 3885 ai

294 3906 406 3977 coelos
429 3908 613 3997 elevatur,
651 3903 733 3976 dum
762 3901 932 3998 Apostoli
959 3908 1117 4001 gentium
1143 3909 1276 4004 linguis
1302 3914 1351 3985 lo·

293 4017 470 4099 quuntur‚
495 4007 577 4080 dum
594 4004 726 4078 umbrae
741 4023 866 4077 eorum
881 4008 1014 4079 morbis
1031 4009 1240 4102 medentur,
1270 4012 1351 4085 dum

294 4102 428 4181 claudis
451 4124 632 4185 nummum
653 4101 885 4203 poscentibus
913 4105 1033 4184 cursus
1051 4108 1229 4200 donatur,
1270 4111 1352 4187 dum

364 4242 369 4251 ,
976 4209 984 4225 '
1207 4209 1306 4284 elee-

369 4530 435 4546 *a*
