3317 4900
319 457 389 534 &a
657 430 694 507 ἃ
743 430 1047 510 Hrnnnrr

418 617 453 682 ⁴·
478 591 647 668 Succedit
670 593 800 667 deinde
820 595 858 668 in
881 593 956 667 hoc
976 614 1092 687 puero
1108 591 1200 690 'post
1217 600 1391 695 paralyit

320 697 504 776 sanitatem
534 694 712 766 curationi
734 694 860 787 populi
887 693 933 768 de
957 708 1085 770 monte
1112 696 1390 793 descendentis,

278 789 288 838 ·’
320 797 411 874 salus
427 796 596 892 gentium.
647 793 900 887 Jacobateninr
915 789 1389 887 pucrdltsolututindomo
1433 857 1436 870 .

319 898 468 986 humili,
506 893 752 984 corruptibili,
787 891 991 989 &ingrellu
1006 895 1104 986 ejus,
1140 898 1255 989 cujus
1274 913 1390 977 tamen

261 997 265 1006 '
319 1017 429 1094 egens
448 1007 541 1068 erat:
566 991 764 1064 silvatoris
781 990 940 1089 indigna:
970 989 1391 1093 Ettribunutscitpue·

320 1094 540 1175 rumverbo
558 1089 657 1184 polle
672 1091 799 1165 sanari:
825 1094 905 1183 quia
923 1091 1011 1210 ipius
1027 1098 1194 1189 gentium
1212 1102 1389 1173 oninisot

319 1195 394 1272 fide
409 1193 480 1284 cst,
495 1192 537 1264 ἃ
552 1194 589 1264 in
605 1191 791 1284 preceptis
804 1189 955 1266 Domini
968 1195 1042 1265 vita
1056 1193 1107 1267 est
1117 1197 1389 1275 universorum

258 1379 263 1390 ἱ
319 1295 433 1394 Igitur
449 1293 664 1384 jacentes-in
680 1288 825 1382 seculo,
850 1289 1140 1383 &peccatorum
1161 1298 1316 1371 morbis
1337 1300 1389 1372 dio

320 1393 446 1472 soluto
458 1406 583 1487 genter
602 1388 951 1465 existimandaesunt:
978 1394 1147 1467 omnibus
1161 1398 1388 1490 undiqucar·
1419 1429 1422 1434 ·

248 1511 250 1518 '
319 1487 429 1572 tubus
448 1490 595 1594 fluidis,
629 1490 722 1561 &ad
740 1475 952 1564 confistendi
970 1489 1131 1565 officium·
1152 1496 1390 1591 ingrediendi·

322 1616 393 1686 que
416 1589 607 1683 corruptis.
670 1592 829 1687 Quarum
858 1588 976 1663 salutis
993 1589 1269 1684 sacramentum
1289 1601 1329 1672 in
1343 1601 1388 1672 tri

321 1693 410 1772 buni
429 1710 545 1782 puero
566 1689 756 1781 expletur,
772 1753 777 1762 .
791 1705 1002 1764 non-tamen
1018 1692 1230 1788 ingressuro
1254 1699 1388 1774 domun

321 1790 478 1868 Christo.
511 1789 643 1862 ··Licet
664 1789 812 1864 enimin
835 1788 953 1862 seculo
976 1790 1190 1880 demoratus
1205 1796 1388 1894 firmina

320 1899 441 1968 tamen
459 1886 566 1963 seculi
582 1889 616 1960 δι
635 1902 782 1982 peccata
796 1909 872 1960 non
885 1890 982 1965 adiit.
1140 1900 1147 1910 ·

325 2045 328 2054 .
423 2010 457 2080 ς.
485 1988 639 2062 Miratus
656 1988 783 2061 deinde
803 1983 909 2078 fidem
930 1990 997 2084 ait:
1028 1993 1109 2063 Non
1127 1995 1387 2075 invenimini·

315 2094 412 2189 fliam
433 2095 470 2175 in
498 2091 604 2161 lsrael.
655 2085 744 2159 Non
766 2100 843 2159 erat
865 2089 1028 2161 tribunus
1050 2089 1116 2163 iste
1131 2093 1184 2168 de
1203 2105 1385 2193 gentibus:

322 2194 359 2268 br
374 2190 561 2283 quomodo
575 2190 614 2260 in
629 2185 735 2259 lsrael
751 2181 840 2259 fides
864 2188 941 2260 talis
954 2205 1028 2261 non
1041 2189 1091 2262 est
1102 2209 1283 2294 reperta,
1311 2223 1384 2292 cun,

323 2295 385 2386 qui
410 2291 595 2378 crederem
631 2285 719 2359 ellet
740 2286 936 2379 israelitai
961 2287 1029 2360 Sed
1052 2304 1093 2360 ut
1122 2293 1383 2376 similitudines

322 2393 434 2475 futuri
457 2391 531 2463 lraec
549 2385 619 2480 ipsc
634 2387 768 2459 veritas
784 2389 1028 2476 aemularctur3
1055 2389 1207 2467 idcirco
1227 2404 1383 2478 verbim

282 2486 291 2500 ’
322 2494 377 2567 tio
397 2487 549 2580 iubjeiia
567 2485 637 2579 est,
673 2501 807 2560 tantam
825 2483 953 2578 fidem,
988 2505 1120 2578 quanta
1143 2498 1382 2590 gentium-est,

321 2591 480 2669 lnlsrael
491 2609 566 2661 non
580 2588 838 2685 reperiendam,
866 2587 992 2663 &cum
1005 2591 1214 2683 Abraham,
1247 2601 1379 2689 billunc,

322 2693 358 2765 bt
377 2692 487 2775 Jacob
504 2689 539 2759 in
555 2707 668 2778 regno
693 2690 866 2761 coelorum
886 2709 931 2759 ex
951 2689 1081 2760 ultimis
1095 2696 1287 2783 gentibus
1309 2703 1380 2792 quic

320 2805 436 2864 turos.
489 2785 647 2860 Perfecta
668 2787 807 2877 quidem
833 2785 883 2858 est
904 2791 939 2861 in
960 2808 1074 2879 puero
1090 2788 1306 2874 secund-um
1329 2820 1380 2871 cro

321 2889 438 2963 dentis
453 2883 559 2958 fidem
577 2887 711 2957 veritas
731 2885 902 2958 sanitatis:
928 2885 986 2959 sed
998 2887 1238 2979 praesentium
1252 2899 1380 2972 efficicn·

321 2989 372 3063 tia
398 2988 503 3058 etiarn
527 2981 732 3058 futurorum
760 2987 901 3079 imagini
933 2982 1110 3076 proficere
1145 2998 1380 3087 monstratur,

322 3086 466 3182 quando
486 3084 519 3158 δι
541 3087 689 3156 tribuno
706 3084 897 3172 credente,
932 3086 964 3156 br
984 3106 1098 3178 puero
1116 3088 1299 3179 salvato,
1333 3110 1380 3171 net

321 3189 402 3261 talis
423 3189 458 3258 in
476 3181 683 3257 lsraelfrdes
700 3197 841 3277 reperta
855 3181 919 3274 est,
946 3184 1091 3279 &regni
1111 3193 1379 3272 coelorunicou·

319 3286 469 3363 sortium
487 3304 567 3357 curn
585 3285 762 3363 Abraham
780 3284 945 3378 gentibus
962 3284 1172 3364 destinatur.
1229 3308 1233 3315 ·

422 3392 458 3460 ό.
488 3387 565 3455 Cum
584 3380 715 3473 vrniffet
729 3386 825 3479 Jesus
839 3389 884 3451 'in
900 3386 1019 3452 domum
1037 3389 1141 3473 Petri,
1170 3396 1277 3465 vidit
1283 3397 1377 3484 socrui

321 3489 389 3585 ojus
398 3489 567 3582 jacentem,
593 3483 887 3574 obluctatorem,
914 3482 1100 3574 &reliqum
1153 3487 1202 3562 ·In
1214 3491 1327 3568 socru
1338 3495 1376 3567 Pb

321 3588 389 3676 tri,
415 3573 559 3693 uitiosa,
569 3578 786 3655 infidelitatis
810 3582 997 3654 aestimatur
1015 3582 1184 3680 affectio,
1230 3597 1293 3666 cui
1312 3596 1376 3685 adjn

322 3699 384 3759 cet
396 3685 541 3756 libertas
562 3684 775 3773 voluntatis,
803 3701 880 3772 quae
897 3703 965 3754 nos
981 3685 1128 3781 quodam
1152 3688 1221 3762 srbi
1239 3692 1375 3788 conjugi

319 3784 495 3859 societate
520 3784 735 3879 conjungit·
777 3777 873 3876 Ergo
898 3781 1049 3876 ingressu
1066 3784 1226 3861 Domini
1249 3796 1289 3867 in
1309 3789 1376 3867 Penl

322 3883 492 3975 domum,
526 3884 561 3955 id
582 3880 651 3974 est,
666 3965 668 3969 ⁸
685 3884 720 3953 in
740 3900 898 3974 corpore
921 3897 1064 3954 curatur
1080 3880 1293 3967 infidelit'as
1317 3908 1377 3986 pec·

321 3997 485 4055 catorum
507 3985 628 4055 calore
651 3977 868 4070 exusturus,
909 3981 941 4051 ὰ
966 3983 1140 4057 vitiorum
1164 4009 1268 4085 regna·
1289 3988 1379 4065 doni·

319 4095 418 4159 natu.
470 4081 564 4159 Mox
578 4080 706 4157 deinde
721 4079 854 4176 sanam,
870 4076 990 4155 officit
1009 4081 1188 4161 famulatu
1205 4092 1378 4165 ministrat.

1247 4186 1345 4268 Nam
