3317 4900
383 372 668 510 Tuncrurua
693 451 742 506 ru
762 422 963 507 cxurll.
988 425 1222 554 Prasmon.
1276 456 1346 533 ²57

273 597 367 676 bitui
393 594 512 670 seruili
535 592 571 666 id
599 592 777 685 donatur,
811 605 875 684 ut,
910 592 1129 686 quoderat,
1164 592 1266 671 esset:
1302 601 1349 674 iu·

276 691 618 776 formascilicetDei
637 685 734 767 esset.
787 689 967 766 Damnum
980 693 1074 766 enim
1091 696 1133 765 ad
1150 695 1342 772 detrimen·

275 814 355 872 tum
377 794 426 868 sui
448 794 639 867 evacuatio
658 789 784 864 formae
799 789 870 862 Dei
886 789 1018 880 nescita
1054 791 1255 868 assumtioni
1274 820 1341 890 po·

274 899 348 970 tius
373 893 492 967 servili
513 889 663 988 sormam
684 889 754 964 Dei
771 887 888 963 rursus
905 894 1104 984 acquirens.
1153 893 1208 972 lta
1223 917 1341 992 nequa
1402 902 1405 908 “

273 997 405 1068 Virtus
420 993 456 1068 in
475 991 721 1081 humilitatem,
747 983 817 1062 sese
833 990 920 1063 licet
936 990 1125 1086 cohibens,
1152 990 1284 1068 defecit
1296 1019 1342 1070 ex

274 1094 368 1185 sese,
395 1112 498 1184 cum,
527 1091 745 1183 quoderat,
773 1085 842 1162 est:
871 1088 906 1162 u
928 1091 1104 1164 humilitas
1128 1092 1287 1167 cohibita
1301 1098 1340 1171 in

276 1192 349 1270 sese
366 1192 511 1265 Virtute
523 1188 710 1284 suscepta,
737 1210 838 1281 cum,
867 1190 964 1279 quod
979 1212 1054 1264 non
1069 1207 1162 1284 erat,
1189 1189 1258 1267 ess'e
1271 1216 1339 1266 cm·

275 1294 351 1390 pit,
383 1288 583 1387 profectum
606 1290 704 1382 ejus,
739 1310 816 1380 quae
833 1310 853 1382 a
870 1286 904 1362 se
921 1311 996 1364 non
1016 1289 1219 1385 defecerat,
1256 1295 1340 1368 Vir·

277 1397 364 1466 tutis
383 1391 531 1484 accepit.
584 1386 631 1462 Et
647 1391 721 1462 hac
741 1388 882 1480 quidem
899 1391 1098 1486 evangelici
1117 1388 1339 1488 sacramenti,

278 1480 497 1566 &bumanae
515 1488 586 1582 spei
611 1489 742 1559 veritas
765 1481 837 1574 est,
870 1483 1055 1564 humanam
1074 1504 1235 1568 naturam
1258 1514 1339 1586 corf

274 1594 552 1684 ruptibilemque
573 1607 715 1660 carnem
729 1607 791 1678 per
808 1585 911 1676 hujus
922 1589 1042 1682 glorlae
1055 1590 1338 1670 demutationem

274 1692 315 1765 in
332 1704 499 1788 aeternam
518 1686 805 1770 transformatam
826 1683 895 1756 esse
912 1681 1146 1766 substantiam.

378 1797 409 1870 8.
435 1786 504 1862 Sed
517 1788 620 1880 hujus
635 1802 814 1875 tamquam
830 1781 1021 1859 difficillimi
1041 1787 1120 1859 fatti
1138 1785 1340 1866 admiratio·

275 1910 383 1970 nem,
417 1890 625 1961 &maxime
641 1908 681 1960 ac
701 1886 947 1978 pulcherrima
961 1882 1033 1976 spei
1048 1888 1203 1982 donum,
1230 1894 1338 1966 etiam

274 1988 440 2084 presenti
467 1981 599 2058 Psalmo
623 1986 856 2077 propheticus
880 1981 993 2058 sermo
1015 1985 1182 2080 testatur,
1215 1988 1338 2065 dicens

278 2087 324 2160 ad
343 2085 398 2174 id,
425 2084 521 2176 quod
545 2084 701 2156 dixerat:
727 2086 906 2182 Subjiciens
922 2087 1066 2180 populum
1084 2110 1183 2158 meum
1191 2089 1249 2174 sub
1263 2113 1332 2179 ma;

284 2190 437 2261 Domine,
467 2186 542 2281 quid
563 2185 602 2277 est
619 2185 727 2262 bomo,
751 2189 826 2282 quia
844 2187 1012 2282 innotuisti
1026 2192 1075 2278 ei,
1099 2189 1258 2278 eratfilius
1279 2190 1340 2258 sto.

275 2289 387 2372 minis,
413 2289 489 2382 quid
503 2288 629 2380 deputas
644 2288 729 2353 aum?
757 2287 857 2382 Homo
873 2289 1021 2358 vanitati
1027 2286 1143 2380 stmilis
1150 2283 1264 2377 fassus
1277 2290 1337 2384 ast:

276 2390 343 2459 dies
364 2388 433 2483 ejas
452 2386 533 2481 ficut
556 2384 664 2456 umbra
690 2391 895 2479 prareraumi
957 2381 1046 2458 Non
1072 2382 1280 2460 differenter
1299 2389 1338 2463 in

277 2483 413 2559 oslavo
442 2505 587 2577 quoque
614 2481 750 2558 Psalmo
774 2482 974 2575 proclamat
1002 2486 1150 2578 Spiritus
1174 2487 1339 2565 Sanslust

279 2584 379 2683 Quid
394 2584 444 2658 est
460 2586 594 2676 homo,
622 2583 719 2674 quod
734 2603 872 2657 memor
892 2604 930 2655 es
952 2582 1048 2675 ejus,
1076 2602 1138 2658 aru
1158 2583 1250 2659 filius
1272 2589 1339 2660 ho·

276 2686 404 2774 minis,
438 2685 605 2776 quoniam
623 2683 742 2757 vifitas
759 2679 866 2755 euml
901 2680 1081 2759 Confessio
1096 2684 1158 2757 ista
1173 2688 1338 2778 pulcher.

275 2782 368 2856 rima
384 2776 457 2876 est,
483 2795 525 2855 ut
538 2781 717 2953 indiignum
737 2778 771 2853 se
789 2781 903 2881 homo
918 2794 1020 2854 tanto
1035 2804 1182 2859 munere
1201 2786 1273 2879 ipse
1286 2800 1339 2861 te·

275 2881 401 2958 stetur.
450 2879 595 2955 Etcum
620 2882 835 2978 eindlgnum
853 2876 1062 2975 confitetur,
1087 2888 1233 2979 gratiam
1247 2888 1339 2983 ejus,

276 2982 338 3075 qui
352 2981 415 3057 nbi
431 2980 507 3055 haec
520 2981 708 3077 largiatur,
734 2982 890 3055 extollit.
940 2982 1052 3076 Quod
1067 2986 1159 3059 enim
1171 2990 1338 3061 merirum

275 3081 432 3155 hominis
450 3078 520 3173 cst,
547 3094 589 3153 ut
601 3081 633 3155 ei
652 3081 687 3154 se
702 3079 982 3176 cognoscibilem
1003 3080 1103 3155 Deus
1120 3082 1270 3176 praestet,
1296 3100 1337 3159 ut

276 3176 569 3277 incognoscibilis
589 3194 715 3258 natura
729 3181 930 3276 cognitioni
946 3178 1074 3255 nostrae
1091 3181 1159 3259 sese
1177 3182 1248 3277 ipsa
1259 3182 1336 3257 sub·

276 3276 424 3354 mittat?
461 3280 540 3352 Aut
556 3280 802 3375 quaedignitas
818 3276 869 3351 est
886 3272 947 3351 filli
968 3280 1139 3377 hominis,
1172 3298 1212 3355 ut
1227 3286 1337 3375 depu-

276 3377 403 3450 tetur?
430 3377 785 3472 Deputaturautem3
814 3378 985 3471 quidquid
996 3379 1111 3473 decc,
1134 3385 1170 3455 in
1184 3405 1256 3473 quo
1268 3381 1334 3475 est,

276 3476 631 3553 inaliuddestinatur.
679 3476 918 3553 Reinaturam
929 3480 1124 3557 verborum
1136 3485 1248 3555 virtus
1262 3483 1336 3555 elo·

277 3574 412 3665 quitur.
462 3576 586 3652 Homo
604 3578 753 3651 vanitati
770 3576 885 3649 similis
903 3572 1069 3671 effectus,
1097 3570 1244 3672 &cujus
1260 3582 1336 3655 dier

277 3688 458 3764 tamquam
476 3679 600 3751 umbra
615 3689 853 3769 prosteruunt,
886 3699 949 3770 per
968 3680 1140 3753 indultam
1156 3681 1335 3773 cognitio·

276 3793 363 3849 uem
377 3772 449 3857 Dei
465 3774 666 3867 deputatur.
718 3774 869 3849 Vanitas
891 3774 1044 3852 seculum
1059 3777 1132 3871 est,
1160 3776 1259 3871 cujus
1276 3779 1336 3853 ha·

275 3874 376 3949 bitus
394 3872 427 3945 δι
448 3866 561 3947 forma
578 3876 738 3951 tolletur.
799 3875 882 3951 Deo
899 3880 990 3952 enlm
1008 3882 1112 3951 inane
1127 3874 1218 3979 est,¹
1235 3880 1337 3973 quida

276 3972 385 4067 quid,
412 3975 573 4063 quamvis
595 3987 715 4065 extet,
741 3988 861 4049 tamen
874 3978 1013 4049 nonita
1028 3968 1187 4073 strbstsiit,
1214 3995 1337 4051 utma-

275 4086 382 4149 neat:
414 4074 859 4172 dttlrrrbraquucumque²
884 4076 1016 4151 etiamsi
1032 4077 1095 4172 lit,
1120 4092 1337 4169 tamennon

325 4176 365 4273 s,
384 4174 511 4248 ιιιιιιιι
528 4164 616 4252 ma.
632 4166 697 4251 ιιι.
935 4170 970 4248 n
1216 4176 1305 4265 am,
