3317 4900
390 411 681 548 Tnaerrrus
706 483 756 543 ru
781 459 951 546 CXXV.
977 459 1214 564 Psnnuurr.
1288 479 1338 576 ⁶7

263 615 400 712 murum
415 633 568 708 animam
586 627 768 722 liberavit,
794 629 978 703 anteriora
997 629 1124 708 delicia
1141 653 1218 710 non
1230 651 1337 732 repu-
1400 619 1403 624 ’

264 749 367 826 tana,
397 734 432 806 uc
445 749 516 806 nos
531 733 567 804 iu
584 733 694 804 vitam
710 746 846 803 novam
863 749 1062 815 renovans,
1087 733 1121 805 ic
1138 731 1176 808 in
1193 753 1335 816 nouum

259 833 452 914 hominem
472 825 753 921 uantformane,
787 827 1012 905 constituent
1033 851 1102 906 nos
1120 831 1156 908 in
1176 853 1335 931 corpore

264 937 386 1012 carnis
405 927 483 1006 suae.
533 927 610 1023 ipse
626 925 676 1003 est
691 932 785 1003 enim
803 924 974 1024 Ecclesra,
1000 949 1065 1025 per
1077 929 1336 1021 sacramentum

263 1035 437 1129 corporis
461 1025 510 1105 sui
531 1030 569 1104 in
599 1025 633 1104 se
657 1023 858 1104 uniuersam
874 1051 952 1103 eam
970 1034 1175 1109 continens.
1243 1033 1337 1112 Non

266 1149 348 1211 erat
364 1131 451 1206 sion
466 1141 571 1222 ante,
598 1147 703 1224 quam
718 1133 953 1217 liberaretur;
980 1132 1037 1205 sed
1052 1133 1141 1207 sion
1162 1130 1234 1218 est,
1259 1155 1336 1227 quar

267 1228 423 1310 liberata
444 1229 506 1306 est.
556 1229 705 1304 Nomen
730 1247 812 1304 cum
833 1229 1000 1305 libertate
1021 1238 1211 1307 conuenit.
1261 1233 1337 1312 Ne'·

220 1327 226 1338 '
270 1351 342 1428 que
361 1334 454 1507 eram
476 1335 674 1428 manentis,
711 1328 914 1406 sedaversae
936 1333 1158 1426 captivitatis
1179 1335 1253 1409 hoc
1271 1354 1337 1411 no·

268 1451 434 1512 mene.
1179 1485 1182 1490 -

369 1549 404 1628 7.
432 1525 547 1631 Quod
565 1545 660 1602 vero
676 1527 743 1622 aitg
772 1525 868 1601 Fatis·
879 1526 1236 1630 [musfittticmsoluiss
1263 1549 1339 1608 me·

263 1631 423 1711 minit&
445 1627 644 1724 Apostolus
667 1628 810 1701 interim
828 1642 1005 1722 tamquam
1025 1627 1250 1708 consolatum
1269 1633 1339 1708 eise

269 1729 319 1828 se,
338 1733 488 1807 ‘dicerer
514 1723 624 1804 Miser
641 1743 712 1824 ego
728 1727 856 1820 homo,
883 1727 960 1820 quis
976 1749 1034 1804 me
1044 1732 1210 1807 liberabit
1225 1755 1244 1808 a
1257 1751 1339 1807 cor·

269 1851 364 1930 pore
388 1835 516 1908 muttit
541 1827 673 1922 hujus?
711 1826 760 1901 Et
785 1829 845 1920 qui
867 1845 964 1901 nunc
980 1847 1049 1923 pro
1068 1849 1171 1924 parte
1186 1829 1270 1927 scit,
1304 1827 1339 1906 δι

269 1951 341 2030 pro
357 1945 459 2026 parte
476 1931 693 2023 prophetat,
721 1929 754 2002 or
778 1925 838 2022 qui
857 1921 923 2001 scit
937 1925 1127 2024 repositam
1144 1933 1249 2007 nobis
1268 1929 1339 2007 esse

271 2030 466 2132 Jerusalem
485 2026 522 2102 in
536 2032 649 2120 coeio,
677 2029 804 2106 &cum
823 2025 930 2103 dicit:
958 2024 1120 2103 Dissolvi
1140 2049 1196 2106 me
1213 2033 1339 2107 melina

273 2131 347 2224 est,
385 2129 419 2203 uc
443 2145 524 2202 cum
545 2123 686 2201 Christo
708 2145 864 2204 manere.
926 2126 1053 2202 Sumus
1077 2147 1174 2204 nunc
1193 2135 1335 2225 quidem

229 2301 232 2326 ,
271 2222 474 2318 consolatu
505 2231 587 2320 quia
606 2224 784 2301 Dominus
802 2228 869 2301 rite
895 2225 1024 2302 Mirtet
1044 2231 1206 2304 vobis&
1234 2234 1340 2306 alium

271 2329 554 2406 consolatorem.
620 2323 711 2400 Cum
729 2326 832 2401 dicit:
859 2328 1004 2414 Alium,
1030 2326 1205 2424 supereffe
1224 2330 1259 2405 se
1279 2332 1342 2404 do·

272 2444 345 2525 cet,
403 2421 572 2524 Superest
590 2427 703 2502 enimt
738 2427 916 2521 exipetiat
933 2447 1087 2522 namque
1107 2428 1223 2506 omnis
1248 2445 1344 2505 crea·
1401 2498 1410 2531 ,

273 2544 358 2606 tura
370 2529 633 2604 revelationem
646 2523 801 2605 iliorum
814 2528 895 2603 Dei.
944 2526 1228 2624 Revelatiuilla,
1256 2548 1344 2605 coir·

274 2626 446 2706 summata
461 2624 664 2703 consolatio
682 2627 742 2704 est.
794 2628 964 2704 Ceterum
980 2642 1345 2730 tonorumquamcon·
1422 2618 1430 2630 ’

274 2728 408 2806 solatio
429 2724 499 2811 este
537 2722 609 2821 ipsa
622 2726 763 2801 interim
779 2744 856 2802 non
873 2744 1057 2821 carentes,
1092 2730 1180 2809 iicet
1195 2730 1238 2806 srt
1257 2746 1344 2806 cun·

272 2824 519 2906 summationis
534 2822 601 2900 suae
617 2831 722 2908 nubis
739 2826 874 2902 residua
897 2828 1082 2923 perfectio.
1124 2826 1131 2843 ¹

379 2936 413 3010 8.
437 2922 615 3021 Repietur
635 2929 740 3001 etiam
756 2926 888 3025 gaudio
905 2950 947 3002 oa
965 2926 1146 3022 nostrum,
1173 2926 1344 3029 &lingua

275 3024 399 3105 nostra
419 3026 662 3102 exultatione:
694 3045 770 3101 non
795 3028 888 3101 enim
906 3020 1111 3103 sufficientia
1129 3031 1209 3104 sunt
1229 3031 1272 3103 ad
1290 3050 1345 3103 re·

275 3124 441 3204 ferendas
465 3126 547 3201 Deo
565 3125 686 3201 laudea
704 3123 833 3223 linguae
846 3123 976 3201 nostrae
993 3142 1101 3219 atque
1121 3132 1194 3204 oris
1214 3125 1343 3203 officia.

275 3222 507 3321 Mutauimus,
521 3225 715 3301 criminain
731 3227 993 3320 innocentiam,
1020 3230 1109 3301 uitia
1124 3230 1160 3302 in
1172 3225 1344 3319 virtuter,

273 3324 515 3427 ignorantiam
531 3324 854 3421 incognitionem,
881 3323 1063 3401 interitum
1079 3324 1116 3402 in
1137 3326 1345 3404 immortali·

276 3440 409 3503 tatemt
446 3428 481 3500 ut
497 3424 576 3507 iroc
599 3446 618 3498 a
637 3428 740 3511 Deo,
777 3424 922 3522 gratiam
943 3419 1098 3502 faciente
1119 3426 1346 3522 poenitendo·

277 3532 381 3619 ium,
418 3522 652 3601 &nouorum
670 3524 853 3598 bonorum
872 3524 1172 3604 initiareddente.
1231 3522 1345 3623 Quod

277 3628 374 3700 enim
391 3624 584 3720 optabilius
598 3624 704 3699 nobit
719 3622 934 3718 esttempus‚
961 3628 1344 3719 quoadulterabamua‚

276 3737 341 3800 aut
357 3742 430 3817 quo
445 3720 678 3799 maluissemus
695 3718 851 3821 virgines
863 3718 976 3817 fuisse,
1003 3746 1076 3819 quo
1088 3725 1175 3799 ebrii
1191 3742 1344 3819 eramus,

277 3836 343 3900 aut
360 3842 434 3917 quo
448 3822 588 3919 iejuniis
605 3822 791 3899 laetamuri
818 3844 892 3917 quo
906 3830 1069 3920 pecunie
1087 3818 1344 3917 serviebamus,

276 3938 341 4000 aut
357 3940 432 4017 quo
448 3925 599 4015 pecunia
614 3921 734 3998 nostra
744 3926 974 4022 benignitatis
991 3925 1041 4009 est
1055 3922 1163 3999 usuri
1190 3944 1263 4019 quo
1279 3930 1345 3998 de·

274 4027 401 4103 monia
422 4023 680 4118 adorabamus,
720 4037 781 4097 aut
807 4041 880 4116 quo
903 4024 1085 4099 demoniis
1105 4022 1344 4119 imperamuri

276 4119 643 4223 quopiacereiecuio
659 4118 909 4297 gestieilrgmut,
935 4138 998 4199 aut
1012 4118 1346 4305 quosecuiinu'mgin·
1422 4136 1425 4141 ’

834 4241 856 4298 2
1153 4241 1175 4301 c
1226 4243 1266 4301 ut
