3317 4900
943 348 1302 414 veniunt,
1357 348 1424 397 οι
1462 348 1617 414 quae
1649 347 2067 418 gestarunt,
2122 347 2472 400 nuntiant.
2586 348 2801 398 uros
2840 348 2908 402 ιιι

949 427 1134 506 daici
1173 424 1425 518 populi
1458 425 1677 496 habet
1709 424 2041 516 speciem,
2096 445 2250 517 quae
2291 422 2545 501 christi
2582 427 2908 519 operibu

949 527 1160 614 ditur,
1214 523 1542 597 Domino
1577 523 1703 596 suo
1738 525 2029 600 obviam
2064 527 2333 620 pergit,
2388 525 2809 617 prohibens
2833 580 2862 618 ‚

949 647 1079 700 nes
1117 623 1277 695 suos
1312 625 1702 716 urbemque
1734 625 2228 720 contingeret3
2282 645 2515 714 neque
2541 627 2747 702 enim
2778 624 2908 698 Ev

943 725 1047 803 lia
1085 726 1204 795 lex
1247 725 1538 819 recipit:
1613 745 1650 796 a
1681 745 1815 814 qua
1843 722 2252 815 repudiatus
2280 778 2304 817 ‚
2369 726 2440 796 in
2484 726 2896 802 civitatem

949 825 1369 900 revertitur.
1473 822 1645 896 Deo
1689 826 1941 896 civitas
1970 820 2282 895 fidelium
2325 825 2527 922 plebs
2561 823 2695 904 est.
2818 824 2908 901 In

955 923 1177 1024 igitur
1213 924 1426 1013 navi,
1473 923 1547 994 id
1574 921 1712 1013 est,
1766 921 2119 1013 Ecclesia,
2173 923 2424 1000 vetitus
2465 926 2801 1000 introiit.

1161 1046 1229 1116 ς.
1285 1025 1582 1119 Jamque
1615 1024 1685 1094 in
1730 1022 2137 1116 paralytico
2169 1024 2483 1119 gentium
2515 1025 2903 1102 univer-fit

954 1122 1186 1203 fertur
1228 1115 1597 1198 medenda.
1699 1122 1841 1195 Sed
1873 1122 1939 1194 &
1988 1126 2379 1196 curationis
2421 1123 2639 1216 ipsius
2670 1128 2908 1202 verba

957 1222 1394 1298 contuenda.
1529 1220 1709 1294 Non
1764 1223 2025 1295 dicitur
2075 1224 2525 1316 paralytico:
2606 1223 2867 1300 Sanus

952 1344 1108 1400 non
1147 1323 1444 1398 dicitur:
1515 1319 1740 1418 Surge
1772 1323 1839 1394 &
1869 1323 2185 1408 ambulag
2254 1322 2371 1398 sed
2406 1322 2719 1402 dicitur:
2812 1329 2908 1399 Co

957 1422 1072 1520 ufto
1089 1425 1228 1515 fili,
1283 1418 1524 1513 remiffiz
1546 1423 1709 1508 sunt
1739 1422 1854 1491 nbi
1874 1439 2118 1519 peccata
2143 1439 2274 1494 tua.
2377 1419 2460 1496 In
2493 1422 2743 1498 Adam
2768 1447 2908 1500 uni

956 1536 1118 1595 cata
1149 1520 1495 1594 univerfis
1535 1523 1870 1615 gentibus
1901 1524 2387 1598 remittuntur.
2491 1521 2639 1596 Hic
2670 1525 2902 1618 itaqu

956 1623 1135 1718 gelis
1169 1621 1717 1694 ministrantibus
1757 1622 2109 1712 curandus
2139 1622 2487 1716 offertur,
2538 1622 2665 1704 hic
2696 1622 2908 1700 filius

956 1733 1301 1811 cupatur,
1369 1722 1531 1811 quia
1570 1722 1870 1811 primum
1907 1721 2046 1793 Dei
2076 1743 2256 1813 opus
2290 1722 2430 1798 est:
2484 1721 2681 1796 huie
2724 1745 2908 1804 rem:

957 1831 1076 1894 tur
1109 1821 1356 1894 animae
1384 1834 1680 1912 peccata
1700 1868 1721 1899 ‚
1772 1822 1838 1894 ἀ
1869 1822 2306 1916 indulgent-ia
2336 1825 2575 1913 primae
2607 1837 2908 1923 transg1

958 1921 1070 1994 nis
1104 1941 1190 1992 ex
1223 1921 1436 1994 venia
1469 1918 1590 2000 est.
1690 1920 1867 1994 Non
1900 1922 2085 1994 enim
2120 1924 2590 2014 paralyticum
2620 1927 2908 2019 peccas

960 2020 1134 2114 quid
1160 2013 1599 2112 accep'imus‘t
1656 2041 1814 2095 cum
1844 2019 2219 2113 praesertim
2244 2024 2384 2097 alio
2410 2023 2482 2096 in
2513 2025 2694 2101 loco
2731 2026 2908 2102 iden

957 2120 1191 2194 minus
1235 2120 1537 2210 dixerit,
1612 2123 2002 2194 caecitatem
2041 2142 2077 2193 a
2107 2121 2526 2202 nativitate,
2600 2143 2774 2200 non
2814 2147 2908 2204 ex

964 2235 1135 2297 cato
1176 2234 1296 2293 aut
1335 2220 1684 2312 propi-in,
1737 2234 1859 2294 aut
1908 2234 2212 2313 paterno
2247 2220 2444 2294 fuiss'e
2486 2223 2908 2300 conti-afflui

1161 2323 1232 2397 6.
1289 2320 1639 2414 Veritatis
1657 2319 1917 2392 deinde
1935 2319 2125 2392 ordo
2142 2318 2546 2393 succeditin
2565 2319 2826 2415 gestis,
2880 2347 2908 2416 ς

956 2418 1073 2491 vis
1119 2417 1337 2490 futuri
1385 2415 1649 2496 soecies
1682 2421 2053 2496 exoleatur
2078 2422 2150 2493 in
2180 2417 2404 2496 dietis.
2501 2419 2801 2496 Movet
2828 2423 2908 2496 S<
