3317 4900
456 437 834 514 Connuurnnrus
868 458 917 513 ru
953 437 1221 515 Martanum.
1295 459 1369 534 437

400 608 434 683 8.
465 602 512 672 Et
525 603 687 688 ascendens
705 602 804 698 Jesus
817 600 1043 698 Jerusalymcm
1058 600 1197 695 assumfit
1210 599 1365 672 duodecim

298 704 482 796 discipulos,
515 702 553 775 ss
576 707 625 770 air
643 706 723 771 isis:
761 705 836 774 Ecce
849 701 1301 869 ascendimusgerososymcrn,
1329 700 1363 774 &

296 804 446 895 reliqua.
495 800 570 916 Jam
586 802 658 874 srne
677 799 842 874 scandalo
861 801 1031 873 audituris
1083 798 1233 890 postolis
1253 800 1362 873 sacra·

296 901 950 995 menturncrucisDominusexponit:
976 897 1362 999 (deniquenullahunc

298 999 499 1076 sermonem
520 1000 676 1073 maestitia
698 1000 956 1096 consequitur)
982 987 1202 1072 confirmatis
1225 997 1361 1072 scilicet

300 1099 483 1191 superiore
501 1099 685 1192 sermone,
713 1120 776 1193 per
791 1099 897 1174 fidem
922 1100 1039 1171 crucis
1059 1098 1266 1171 novissimos
1290 1101 1360 1188 pri·

297 1198 561 1283 cunctaturos,
589 1197 1064 1290 divitibusautem,1desl,
1092 1194 1359 1273 confidentibus

295 1300 407 1393 legis
398 1319 433 1370 rn
448 1298 606 1371 eamdem
620 1305 763 1373 crucem
780 1297 1147 1392 scandalizantibus,
1137 1298 1276 1374 invium
1289 1298 1358 1371 iter

297 1399 400 1494 regni
418 1396 775 1473 coelorumfuturum.
856 1411 858 1416 ’

396 1494 554 1592 9.Trmc
571 1496 688 1589 acceffct
705 1498 746 1570 ad
765 1523 833 1568 eum
851 1516 953 1570 mater
965 1499 1111 1590 filiorum
1134 1496 1270 1572 zoarae·
1290 1517 1360 1574 rum

284 1598 376 1691 filiis
390 1519 477 1685 deis,
504 1596 701 1687 &reliqua
761 1597 851 1671 Non
869 1598 940 1672 fine
959 1600 1078 1690 aliquo
1097 1612 1286 1675 momento
1301 1616 1359 1667 re·

295 1717 376 1768 rum
389 1697 438 1769 ita
454 1694 618 1770 effessum
639 1695 739 1770 fuisse
754 1696 1017 1771 existimandum
1035 1698 1108 1789 est,
1133 1713 1174 1772 ut
1187 1711 1301 1772 mater
1318 1691 1360 1766 fi

266 1797 443 1871 liorum
453 1796 617 1869 Zebedaei
641 1796 837 1871 Dominum
860 1797 1127 1889 deprecaretur.
1173 1792 1359 1886 Numquid

295 1893 333 1968 ἀ
350 1893 431 1966 filiis
450 1895 593 1986 petendi
615 1896 828 1969 familiaritas
848 1915 924 1969 non
940 1894 1044 1969 eracl
1070 1896 1138 1969 Sed
1155 1909 1231 1970 erat
1242 1893 1358 1993 gesto·

293 2015 376 2066 rum
393 1990 575 2067 effectibus
593 1997 892 2087 prophetandum.
942 1994 1111 2111 Apostoli
1131 1995 1297 2089 quidem
1283 2014 1356 2085 tam

295 2114 345 2165 ex
373 2092 453 2187 lege
480 2092 735 2184 crediderant,
773 2116 849 2186 quae
883 2116 946 2168 eos
977 2096 1021 2168 in
1042 2092 1148 2168 fidem
1177 2093 1357 2187 evangeli·

293 2212 374 2266 carn
390 2193 602 2265 nutriverat.
650 2194 800 2284 ltaque
790 2191 1110 2269 rnmatrcfiliorum
1120 2192 1285 2269 Zebedaei
1296 2193 1357 2265 lex

290 2291 523 2387 intelligitur:
551 2312 627 2383 quae
642 2290 860 2367 confidentia
872 2295 1050 2390 privilegii
1066 2294 1116 2366 sui
1128 2314 1194 2384 pro
1206 2291 1355 2366 creden·

292 2391 392 2467 tibus
409 2390 497 2464 exse
508 2393 650 2483 populis
661 2393 885 2485 deprecatur
936 2391 1283 2492 Quaquiasuperius
1296 2411 1356 2462 au

293 2492 783 2586 dieratprimosnoviffimos,
798 2492 1356 2589 &novilsrmosprimossuturos,

294 2589 428 2665 deferri
442 2589 523 2679 filiip
539 2589 605 2662 suis
621 2609 724 2684 orat,
749 2605 790 2664 ut
805 2594 841 2665 in
855 2592 1001 2677 Domini
1016 2613 1131 2690 regno
1141 2613 1233 2665 unus
1244 2591 1285 2663 ad
1295 2590 1355 2662 de
1354 2650 1358 2655 .

293 2705 434 2765 xteram
450 2710 525 2782 epus
541 2688 680 2772 sedeat
706 2692 793 2764 alius
807 2692 850 2764 ad
863 2692 1039 2767 sinistram
1092 2691 1160 2765 Cur
1174 2691 1353 2765 Dominus

291 2786 493 2881 respondit,
520 2788 655 2864 nescire
674 2812 764 2881 earn
791 2791 875 2883 qurd
894 2807 986 2866 oret
1037 2791 1139 2865 thrl
1155 2789 1354 2884 quidemde

293 2891 411 2987 gloria
430 2887 688 2981 Apostolorum
710 2891 974 2987 ambigebatur,
1000 2890 1269 2983 &judicaturos
1288 2908 1354 2961 eoa

289 2990 407 3064 sermo
422 2986 581 3081 superior
596 2988 771 3081 exposuit.
823 2991 1161 3081 Deniqueinmedio
1176 2990 1352 3079 sermone,
1390 3018 1394 3023 ·

293 3108 340 3161 an
362 3090 508 3161 calicem
536 3088 632 3163 suurn
651 3089 792 3182 pollent
811 3091 956 3181 bibere,
989 3091 1199 3185 interrogat.
1261 3086 1352 3159 Non

291 3186 419 3283 utique
444 3188 489 3260 de
509 3190 706 3263 communis
727 3191 849 3281 poculi
869 3209 1001 3284 genere
1020 3190 1257 3287 loquebatur3
1282 3204 1353 3257 ne·

292 3306 364 3378 que
380 3289 472 3360 enim
488 3288 590 3360 labor
610 3288 660 3362 est
681 3292 805 3362 bibere
818 3288 863 3360 de
881 3290 1008 3361 calice:
1034 3288 1092 3362 sed
1105 3291 1166 3361 ille
1182 3289 1225 3359 de
1241 3287 1353 3361 calice

291 3383 499 3461 sacramenti
516 3387 701 3478 paffionrs
692 3402 899 3482 interrogat
949 3387 1001 3459 At
1012 3389 1062 3460 rllr
1072 3409 1170 3480 qur
1184 3403 1352 3475 rammar
1436 3436 1451 3451 .

289 3486 380 3577 tyrii
396 3487 596 3560 libertatern
611 3486 914 3578 constantiamque
931 3489 1146 3578 retinebant,
1171 3485 1351 3558 bibituros

289 3583 327 3659 se
341 3585 568 3676 pollicentur
619 3586 796 3661 Dominus
809 3586 1016 3660 collaudans
1027 3607 1152 3660 eorum
1166 3583 1272 3658 fidem
1285 3583 1349 3674 ait,

289 3686 466 3774 martyrio
488 3686 627 3776 quidem
646 3706 710 3759 eos
726 3681 842 3759 secum
859 3688 1017 3780 compati
1036 3684 1156 3780 posse3
1182 3682 1239 3757 sed
1251 3684 1350 3755 laevae

291 3783 372 3954 ejuss
396 3802 438 3855 ac
455 3783 611 3858 dexterae
630 3785 792 3880 allidere,
819 3786 894 3875 aliie
912 3808 933 3861 a
953 3786 1037 3860 Deo
1052 3800 1154 3879 patre
1170 3780 1270 3857 fuisse
1282 3781 1350 3854 dis·
1398 3780 1401 3785 ’

319 3894 458 3957 Ortum.

288 3905 315 3980 p
396 4003 451 4056 10.
476 3978 526 4054 Et
540 3980 700 4074 quidem,
727 3998 900 4081 quantum
913 3984 1138 4072 arbitramur,
1163 3979 1349 4053 itahonor

288 4082 354 4181 isle
371 4083 446 4158 aliis
461 4080 512 4158 est
524 4080 743 4178 reservatus,
758 4085 869 4255 ἓιιοά
886 4098 1007 4163 tamen
1022 4102 1094 4159 nec
1112 4078 1282 4177 Apostoli
1304 4080 1349 4153 ab
1395 4126 1397 4130 .

803 4206 869 4277 e3
1257 4199 1349 4267 eux

653 4486 720 4504 r-
