3317 4900
355 403 1251 562 Tareninus·tuCkXXVlIl-Pratrrurr.
1301 481 1379 556 ²13.
1426 543 1429 548 ,

307 621 465 698 incentu
482 616 558 712 ost,
583 616 696 708 quiin
710 615 803 690 libro
822 594 892 692 Dei
907 616 1138 698 scribuntur?
1163 618 1369 716 Ergonulla

308 718 359 794 est
380 716 565 795 difficulter
587 716 623 794 in
649 737 821 809 numero,
853 738 1007 810 quorum
1021 721 1155 795 veritas
1172 736 1311 794 maneat
1327 723 1366 796 iu

306 818 461 911 scripto:
486 816 544 892 sed
561 816 665 907 aliqui
680 817 740 907 id,
766 817 864 909 quod
879 817 1008 892 dicium
1025 818 1093 893 est:
1121 821 1364 913 Superarmam

302 917 618 1014 multiplicabuntur,
643 936 717 988 non
739 917 782 989 ad
801 916 965 996 homines
984 930 1119 993 tantum
1136 917 1365 998 referendum

302 1016 609 1106 existimaverunt,
636 1014 718 1106 quia
731 1013 884 1092 Abrahae
898 1017 1027 1092 dietum
1044 1016 1148 1094 essert
1174 1016 1222 1089 Et
1234 1018 1363 1093 eritse·
1452 1045 1454 1051 ’

302 1138 387 1192 men
407 1134 506 1190 tuum
529 1116 618 1192 srcut
637 1135 743 1189 arena
757 1118 860 1190 maris
879 1114 948 1193 est:
987 1117 1103 1210 adid,
1142 1117 1240 1208 quod
1258 1117 1359 1213 super

303 1237 445 1291 arenam
464 1215 818 1308 multiplicabuntur,
854 1215 973 1290 amicis
996 1216 1063 1290 Dei
1089 1216 1282 1291 multitudo
1301 1239 1358 1291 an·

301 1317 425 1411 gelicae
446 1315 704 1390 numerositatis
731 1315 889 1392 accedat.
951 1316 1041 1391 Non
1066 1318 1159 1391 enim
1178 1317 1280 1388 aliter
1296 1318 1359 1391 srbi

301 1415 502 1489 conuenire
517 1414 606 1488 srcut
621 1433 725 1485 arena
739 1416 843 1488 maris
859 1415 893 1486 dr
907 1412 1008 1507 super
1024 1438 1164 1495 arenam
1179 1420 1282 1489 maris
1294 1439 1357 1512 pu-

299 1528 490 1607 taverunt,
515 1513 577 1587 nili
598 1513 783 1586 hominum
800 1517 1016 1588 multitudini
1036 1533 1356 1590 connumeraretur

299 1615 405 1707 copia
421 1613 658 1708 Angelorum.
709 1609 778 1683 Sed
793 1632 862 1683 nos
874 1616 1150 1707 uniuscujusque
1159 1614 1268 1688 sensui
1280 1637 1356 1690 non

299 1715 530 1796 contraimus.
581 1709 813 1811 Quidaurem
833 1709 1021 1786 secundum
1041 1716 1175 1788 donum
1193 1714 1356 1806 spiritalis

297 1814 419 1908 gratia
437 1811 660 1905 senserimus,
685 1810 758 1884 srne
775 1812 983 1904 cuiusquam
1002 1817 1217 1892 contumelia
1232 1810 1355 1890 iradia-

295 1913 424 1986 bimur.
700 1947 703 1952 ·

395 2033 455 2096 40.
478 2007 724 2091 Pronrisfioncs
750 2009 836 2084 duaa
858 2009 1011 2085 Abrahae
1036 2006 1137 2083 fuiffe
1161 2009 1198 2082 in
1225 2007 1354 2086 Genesi
1374 2005 1378 2010 ’

292 2107 500 2200 accipimur.
549 2107 667 2182 Unam
688 2124 770 2181 ante
785 2110 937 2186 Ismahel
956 2109 1239 2207 generationem,
1266 2108 1351 2182 Deo

291 2208 457 2284 dicenter
493 2208 588 2307 Quia
604 2228 746 2280 omnem
771 2224 928 2301 terram,
955 2208 1259 2301 quatriennium,
1285 2209 1371 2280 tibi.

291 2308 387 2385 dabo
404 2327 507 2399 eam,
548 2308 582 2382 dr
602 2306 721 2386 semini
744 2321 810 2380 tuo
828 2308 865 2380 in
880 2321 1074 2400 aeternum,
1110 2306 1282 2380 &faciam
1302 2305 1351 2380 se·

290 2428 374 2484 men
386 2421 486 2484 tuum
497 2421 674 2499 tamquam
685 2426 824 2481 arenam
836 2409 951 2481 maria.
1002 2407 1037 2483 Si
1047 2405 1166 2501 potest
1176 2408 1253 2498 quir
1265 2427 1350 2479 enu-

290 2526 429 2587 merare
444 2529 587 2582 arenam
606 2508 732 2598 matis,
770 2509 819 2581 ita
839 2508 874 2579 dt
894 2504 1010 2583 semen
1032 2524 1132 2579 tuum
1156 2507 1352 2579 dinumera·

289 2607 400 2679 bitur.
436 2606 560 2680 ·Naro
577 2627 669 2678 vero
686 2604 801 2698 isaac,
835 2606 927 2679 &in
941 2605 1208 2696 holocaustum,
1241 2627 1349 2696 quan·

290 2717 370 2781 tum
397 2704 440 2777 ad
463 2703 642 2784 Abraham
668 2704 825 2797 spectat,
851 2708 1001 2797 oblato,
1033 2708 1109 2780 haec
1127 2702 1272 2796 sequens
1293 2726 1346 2781 re·

287 2802 583 2897 promissiofuit:
619 2802 695 2877 Nili
716 2806 932 2879 benedicent
959 2807 1167 2879 benedicam
1190 2805 1277 2893 tibi,
1312 2803 1347 2876 dc
1438 2800 1443 2809 '

286 2903 528 2996 multiplicans
546 2886 1345 2997 multiplicabosementuumsrcutstellascoeli,
1438 2988 1443 2997 Ι

286 2999 323 3077 dr
341 3002 430 3076 licut
449 3022 604 3093 arenam,
630 3022 707 3094 quae
720 3003 771 3081 est
784 3004 826 3078 ad
842 3025 942 3078 oram
957 3007 1084 3078 maris..
1122 3001 1170 3075 Et
1185 3001 1209 3076 sr
1224 3001 1345 3074 secun·

286 3099 371 3175 dum
389 3101 604 3195 Apostolum
621 3103 697 3175 hac
714 3104 786 3177 duo
805 3101 1035 3184 'l'estarirenta
1049 3102 1147 3195 sunt,
1172 3123 1280 3174 unum
1295 3101 1343 3173 se·

286 3201 442 3279 eundum
465 3198 672 3275 Ismahelem
689 3205 724 3276 in
739 3201 947 3277 servitutem
962 3221 1157 3298 generans,
1184 3202 1276 3272 aliud
1294 3199 1344 3274 se·

285 3300 442 3375 cundum
464 3300 556 3374 Isaac
576 3302 612 3373 in
631 3301 831 3374 libertatem
847 3305 968 3374 matris
987 3302 1114 3375 nostrae
1132 3299 1343 3395 Jerusalem,

285 3418 365 3487 quae
380 3398 415 3471 in
429 3401 525 3481 coelis
541 3397 605 3491 est,
631 3400 808 3487 eductum
835 3401 942 3475 duum
959 3399 1098 3477 necesse
1110 3401 1160 3474 est
1173 3400 1342 3473 seminum

277 3497 322 3569 in
342 3495 462 3591 stellis,
488 3499 573 3573 &in
591 3501 706 3595 arenis
722 3500 954 3575 numerosrtas
968 3501 1190 3595 predicetur.
1240 3493 1339 3589 Ergo

282 3595 388 3667 amici
407 3594 479 3671 Dei
501 3597 602 3690 super
621 3618 762 3672 arenam
784 3601 888 3673 maria
911 3601 1187 3674 dinumerantur.
1221 3645 1223 3649 ψ
1248 3599 1339 3692 Quis
1439 3600 1442 3605 ⁴

280 3695 380 3774 enim
400 3696 574 3793 ambigat,
600 3696 789 3777 seeundum
807 3696 997 3773 Ecclesiam
1017 3713 1103 3773 toto
1121 3700 1156 3769 in
1173 3696 1339 3767 orbanu-

279 3792 458 3870 merosam
477 3797 737 3873 multitudinem
758 3799 874 3894 gentis
887 3798 1013 3893 Judaeae
1029 3798 1134 3890 copia
1146 3796 1182 3865 iu
1196 3792 1337 3870 Christo

280 3893 504 3971 credentium
520 3895 734 3984 praeveniri?
759 3898 884 3990 Atque
895 3896 977 3971 ideo
990 3896 1091 3990 super
1100 3913 1240 3967 arenam
1252 3894 1340 3966 mul·

280 3994 557 4085 tiplicabuntur:
583 3999 663 4084 quia
683 3997 905 4089 copiosiores
923 3999 976 4070 his
997 4007 1124 4084 arunt,
1144 3994 1210 4087 *qui
1229 4015 1272 4064 ex
1291 3994 1339 4065 lo·

278 4092 330 4189 gir
345 4093 457 4192 impio
473 4095 617 4191 populo
629 4098 760 4171 terreni
770 4096 810 4269 g
824 4097 910 4171 aridi
920 4091 1158 4196 significantur
1167 4094 1202 4165 in
1194 4096 1341 4265 xarenis.

689 4246 692 4253 ·
839 4215 858 4289 3
1111 4213 1176 4287 at.
1237 4212 1306 4264 am
