3317 4900
443 439 831 536 ‚conuenturos
867 461 917 520 ru
952 439 1221 522 Muranum.
1298 462 1388 542 323¹

300 605 480 703 dignitatis
497 607 685 697 tribuitur,
721 604 746 680 fi
766 602 960 701 passeribus
979 617 1064 680 ante
1085 602 1240 680 stabunt.
1290 599 1366 680 Lo·

301 727 363 783 cus
379 706 437 781 bic
459 726 503 777 ex
522 704 622 781 sensu
643 705 826 801 superiore
843 701 1092 800 proficiscitur.
1152 701 1365 797 iniquitates

300 808 396 880 enirn
418 825 545 880 eorum
565 809 835 902 exaggerantur,
862 806 923 896 qui
939 804 1101 877 tradituri
1119 800 1212 890 sunt,
1239 805 1298 896 qui
1310 804 1362 902 in·¹

298 903 483 996 sectarum,
508 905 568 998 qul
587 905 626 977 in
642 904 760 1000 sugam
776 901 956 988 coasiuri,
983 905 1111 994 quibus
1128 917 1281 998 propter
1295 923 1362 977 no·

296 1024 381 1082 rnen
408 1002 561 1081 Domini
576 1003 655 1080 esse
677 1003 766 1076 odio
791 1023 862 1077 nos
884 1016 1055 1097 oportet,
1088 1004 1149 1096 qui
1171 1023 1281 1076 omne
1300 1003 1361 1094 jus

297 1101 397 1176 suurn
422 1104 459 1176 in
479 1099 564 1177 solis
587 1104 803 1198 corporibus
827 1114 1047 1195 exerceant,
1082 1100 1299 1196 potestatem
1320 1104 1359 1175 in
1409 1187 1412 1196 Ι

296 1205 450 1276 animam
468 1222 545 1276 non
565 1204 752 1278 habentes.
814 1201 864 1276 Hi
881 1203 988 1297 igitur
1003 1201 1156 1296 passeres
1177 1201 1268 1273 duos
1290 1199 1359 1275 asie

293 1312 471 1378 veneunt.
520 1297 570 1374 Et
583 1303 742 1395 quidem,
767 1321 847 1393 quae
859 1300 922 1374 sub
934 1316 1090 1397 peccato
1105 1300 1253 1374 vendita
1264 1301 1359 1394 sunt,

293 1401 448 1475 redemit
461 1420 506 1474 ex
521 1402 601 1498 lege
619 1400 794 1476 Christus:
829 1421 915 1497 ergo
936 1403 1034 1492 quod
1051 1403 1243 1482 venditur,
1277 1421 1359 1473 cor·

292 1520 362 1600 pus
383 1503 490 1596 atque
508 1503 624 1575 anima
642 1499 714 1587 est,
740 1500 850 1573 &cui
863 1501 1057 1595 venditur,
1083 1517 1274 1594 peccatum
1287 1498 1357 1572 este

292 1601 377 1694 quia
393 1597 551 1682 Christus
571 1599 605 1674 dt
628 1600 673 1675 de
694 1613 851 1696 peccato
869 1600 1045 1692 redemit,
1085 1601 1285 1690 &animae,
1322 1597 1357 1670 dc

292 1700 459 1796 corporis
474 1697 526 1774 est
542 1701 739 1776 redemtor.
791 1700 865 1799 Qui
885 1699 992 1794 igitur
1009 1699 1101 1774 duos
1121 1698 1272 1794 palieres
1286 1697 1374 1771 asse

291 1811 479 1892 veneunt,
511 1796 547 1873 se
566 1799 663 1896 ipsos
680 1810 837 1895 peccato
859 1799 1009 1873 minimo
1028 1812 1215 1891 veneunt,
1249 1814 1356 1871 natos

292 1898 339 1972 ad
360 1897 577 1987 volandum,
610 1897 643 1973 dr
666 1899 710 1974 ad
733 1902 862 1986 coelum
887 1900 1017 1994 pennis
1037 1899 1249 1994 spiritalibus
1268 1896 1357 1970 effe·

290 1998 441 2072 tendor.
499 1993 570 2070 Sed
591 2001 686 2093 capti
711 1997 836 2093 pretiis
853 1995 1078 2093 presentium
1102 1994 1368 2089 voluptatum,

292 2092 386 2166 &ad
404 2096 528 2170 luxum
549 2095 657 2170 seculi
674 2098 842 2191 venales,
878 2110 982 2172 totos
1004 2093 1040 2172 se
1059 2098 1188 2172 talibus
1207 2094 1357 2170 astioni·

287 2195 357 2270 bus
376 2194 633 2273 nundinantur.
1015 2221 1019 2230 ·
1345 2221 1348 2226 ·

392 2314 450 2392 19·
477 2295 547 2368 Sed
563 2294 793 2388 quaerendum
815 2295 886 2390 est,
913 2294 1102 2389 quomodo
1122 2297 1234 2368 unum
1249 2313 1295 2366 ex
1314 2295 1354 2368 il·
1396 2299 1398 2303 '

283 2389 332 2469 iis
350 2391 423 2489 est,
448 2395 547 2487 quod
560 2395 632 2471 sme
645 2398 838 2471 voluntate
851 2397 923 2471 Dei
941 2416 1019 2471 non
1033 2396 1152 2472 cadet.
1202 2393 1273 2467 Dei
1287 2412 1357 2468 vo·

288 2496 408 2569 luntas
425 2493 494 2580 est,
519 2508 562 2569 ut
575 2517 686 2571 unum
705 2519 751 2570 ex
769 2499 838 2569 illis
856 2500 966 2595 magis
987 2497 1136 2587 evolet,
1156 2493 1221 2568 'sed
1235 2495 1294 2567 lex
1309 2514 1355 2569 ex

290 2592 555 2669 constitutione
572 2594 644 2670 Dei
663 2594 825 2695 profetia
845 2596 1009 2671 decernit
1022 2617 1133 2670 unum
1152 2616 1197 2673 ex
1215 2594 1267 2667 eis
1289 2615 1355 2689 po-

290 2694 365 2767 tius
384 2692 564 2771 decidere.
625 2697 942 2793 Quemadmodum
961 2709 1081 2769 eutem
1101 2694 1125 2768 sr
1141 2694 1354 2785 evolarent,

288 2810 403 2867 unum
422 2790 548 2884 essent,
573 2793 609 2868 id
628 2794 694 2888 est,
721 2815 855 2892 corpus
870 2799 907 2869 in
924 2810 1085 2868 naturam
1104 2795 1229 2867 animae
1244 2807 1354 2868 trans·

285 2888 382 2975 isset,
407 2890 611 2988 &gravitas
628 2898 689 2967 illa
705 2908 857 2969 terrenae
877 2897 1033 2969 materiae
1050 2895 1087 2967 in
1104 2891 1305 2989 profestum
1320 2893 1355 2965 dr

285 2989 513 3066 substantiam
533 2995 659 3067 animae
682 2997 908 3079 aboleretur,
945 2992 1123 3086 fieretque
1140 3013 1272 3087 corpus
1288 3014 1355 3086 po·

286 3092 361 3163 tius
375 3091 546 3187 spiritale:
571 3095 621 3167 ita
633 3107 869 3188 peccatorum
890 3096 1008 3189 pretio
1033 3093 1212 3185 venditis,
1238 3093 1275 3163 in
1293 3112 1354 3163 na·

286 3200 404 3264 turam
422 3187 618 3285 corporum
636 3193 761 3268 animae
779 3189 952 3268 subtilitas
971 3191 1206 3289 ingravescit,
1234 3190 1354 3262 &ter-

285 3307 413 3363 renam
427 3293 613 3365 contrabit
628 3312 674 3366 ex
695 3294 868 3366 vitiorum
886 3291 990 3367 sorde
1011 3295 1213 3382 materiem,
1237 3286 1366 3379 fitque,
1416 3366 1422 3377 ,

283 3405 400 3461 unum
415 3390 558 3483 axillis,
584 3392 683 3482 quod
698 3394 860 3465 tradatur
873 3393 912 3466 in
926 3404 1069 3467 terram.
1119 3389 1353 3463 Plurimisau·

283 3500 363 3561 tem
379 3507 446 3560 eos
460 3488 648 3563 antestare
663 3489 856 3584 passeribus
876 3512 957 3566 cum
968 3492 1071 3583 dicit,
1098 3489 1353 3564 ostenditmul-

282 3586 433 3663 titudini
452 3586 652 3665 infidelium
672 3590 889 3666 elebiionem
903 3588 1063 3665 fidelium
1079 3584 1242 3682 preesse:
1269 3588 1352 3679 quia

282 3684 344 3765 hia
362 3683 461 3759 casus
473 3691 511 3759 in
530 3703 661 3765 terram
677 3687 739 3779 srt,
764 3693 832 3765 illis
850 3693 997 3764 volatus
1015 3693 1051 3761 in
1073 3690 1215 3764 coelum.
1360 3700 1365 3719 '

388 3804 447 3862 no.
472 3786 515 3861 ln
537 3807 727 3863 numerum
749 3804 869 3865 autem
886 3789 1018 3883 aliquid
1034 3788 1180 3884 colligi,
1204 3784 1352 3883 diligen·

277 3885 346 3961 tiae
358 3905 400 3957 ac
416 3883 665 3962 sollicitudinis
681 3908 765 3963 cura
780 3889 851 3980 est3
877 3908 998 3983 neque
1015 3888 1110 3960 enirn
1125 3885 1269 3981 dignum
1288 3904 1351 3959 ne·

273 3985 425 4085 gotium
447 3980 520 4078 est,
555 3988 713 4082 peritura
735 4010 937 4065 numerare.
998 3984 1055 4058 Ut
1073 3986 1182 4081 igitur
1196 3984 1285 4058 nihil
1304 4004 1352 4057 ex

273 4088 393 4165 nobis
408 4092 609 4182 periturum
624 4085 1031 4262 effecognosceremua,
1056 4085 1139 4181 quia
1149 4084 1274 4256 111111ἑῖ
1273 4080 1351 4199 pas·

803 4208 823 4262 a
850 4208 871 4282 3
1232 4204 1257 4256 e
1272 4205 1306 4253 r-
