3317 4900
374 443 691 562 *Tracrnrus
714 459 765 516 ru
790 435 977 551 CXXVI.
1002 437 1240 519 Psntuusr.
1314 463 1364 547 79

291 607 352 690 Ac
368 630 416 685 ne
436 606 595 702 lapides,
628 615 821 695 cementa,
854 602 949 698 ligna
972 601 1158 676 civitatem
1179 604 1273 677 hanc
1293 603 1366 684 eise

291 710 599 794 existimaturum
624 725 700 797 quae
716 704 792 778 haec
808 698 908 784 esset,
934 702 967 774 dt
983 703 1128 794 quando
1142 701 1229 776 esset
1247 707 1366 796 perse·

289 813 348 891 eta
363 812 526 900 civitas,
546 807 656 900 docel
671 804 812 878 dicens:
847 807 1004 896 Sospite,
1027 802 1187 898 pofiqudm
1204 807 1363 893 sederitis.
1423 829 1427 838 “

290 911 404 988 Sessio
415 905 683 1000 ,quiescentium
701 902 845 995 requies
862 899 931 976 ests
959 921 1063 993 equa
1078 897 1218 999 surgere
1234 907 1365 995 Juben-

289 1026 370 1106 tur,
396 1010 458 1103 qui
470 1009 511 1082 ad
523 1003 715 1100 persediam
726 1002 820 1077 hanc
836 1003 1021 1076 civitatem
1038 1002 1105 1075 sint
1120 1004 1365 1095 comparandi.

400 1127 456 1200 13.
482 1101 529 1180 Et
545 1108 605 1198 qui
627 1105 770 1200 tandem
786 1101 954 1195 suntisti,
991 1105 1050 1193 qui
1069 1104 1231 1200 surgere,
1268 1107 1366 1199 post.

294 1228 405 1303 quarn
423 1205 597 1299 sederint,
626 1199 825 1297 jubentur?
856 1199 1001 1296 Nempe
1017 1208 1072 1297 qm·
1090 1207 1288 1275 manducaris
1306 1227 1367 1303 pa.

294 1336 370 1383 nem
383 1310 508 1381 doloris.
559 1306 689 1379 Panem
700 1302 839 1378 doloris
850 1301 1054 1381 manducat,
1081 1305 1239 1396 quisquis
1250 1303 1366 1382 seho.

291 1410 425 1488 minem
439 1409 476 1483 in
489 1406 589 1479 vitiis
604 1417 727 1478 natum
742 1423 783 1475 ae
796 1405 926 1477 vivere
940 1402 1113 1478 meminit.
1166 1404 1256 1480 Cum
1269 1411 1368 1488 enim

291 1513 467 1583 voluntas
487 1503 611 1580 nostra
626 1525 691 1599 per
711 1502 782 1575 Dei
797 1514 954 1593 metum,
982 1498 1127 1596 &spem
1144 1517 1367 1587 eternorum

290 1609 342 1692 ¹ad
365 1606 523 1702 perfetis
548 1602 768 1679 innocentiae
791 1620 905 1693 opera
928 1603 1145 1694 contendam
1181 1609 1215 1678 ἀ
1236 1613 1367 1685 contra

294 1707 467 1785 naturalis
493 1706 653 1798 quaedam
674 1705 752 1776 nos'
770 1699 997 1773 consuetudo
1017 1703 1192 1779 vitiorum
1218 1705 1255 1780 in
1282 1706 1365 1800 ipsis

295 1808 391 1902 illis,
430 1807 597 1900 equibus
625 1819 809 1899 emergere
826 1801 993 1893 nitimur,
1029 1801 1252 1881 demoretur:
1279 1807 1368 1884 vitre

295 1909 466 1986 dolorem
484 1925 548 1998 per
564 1897 806 1978 infirmitatem
829 1900 1007 1975 destitutae
1021 1904 1220 1978 voluntatis
1239 1911 1371 2002 accipi·

295 2029 400 2099 mus,
436 2005 629 2079 secundum
644 2002 771 2077 dicium
791 2001 1002 2100 Prophetes
1037 2002 1110 2101 Qui
1133 2009 1283 2096 apponit
1305 1998 1371 2084 sti·

296 2110 448 2185 entiam,
474 2103 811 2199 apponitdolorem.
863 2101 953 2175 Cum
964 2102 1057 2175 enim
1067 2106 1230 2177 veritatis
1245 2111 1371 2204 cogni.

296 2211 356 2282 tio
381 2207 610 2278 voluntatem
636 2198 791 2277 nostram
814 2200 858 2273 ad
880 2201 1081 2294 profestum
1107 2205 1371 2297 consequendae

296 2307 465 2381 utilitatis
485 2303 651 2400 instiget,-
690 2299 1115 2378 &naturaeconsuetudo
1139 2307 1371 2385 voluntatem
1441 2361 1445 2368 ·

296 2406 470 2484 scientem
496 2405 531 2480 se
555 2395 736 2499 proficere
762 2412 936 2493 oportere
964 2403 1143 2494 detineam
1183 2405 1370 2499 profedlus

298 2506 477 2602 scientiae,
502 2503 687 2599 professus
705 2503 844 2576 doloris
859 2501 925 2575 est:
954 2524 1035 2577 cum
1052 2506 1090 2578 in
1103 2507 1290 2595 tantumse
1303 2526 1370 2603 per

296 2624 465 2685 naturam
482 2603 604 2679 doleat
619 2602 786 2695 detineri,
813 2602 850 2675 in
872 2612 1041 2694 quantum
1057 2618 1217 2681 naturam
1233 2608 1293 2683 fibi
1305 2626 1372 2702 per

299 2708 551 2802 cognitionem
565 2701 742 2799 intelligat
759 2702 1039 2793 relinquendam.
1091 2704 1188 2779 Hinc
1206 2726 1293 2804 ergo
1305 2710 1372 2785 do·

299 2808 361 2883 lor
379 2807 463 2878 uite
480 2804 549 2895 est,
576 2803 661 2877 hinc
679 2804 779 2896 panis
796 2800 1016 2878 dolorisest.
1068 2801 1177 2900 Cujus
1200 2808 1306 2897 vitae,
1335 2808 1373 2884 dt

303 2906 443 2981 doloris
461 2905 520 2979 hic
533 2902 627 2978 idem
646 2903 830 2995 Propheta
848 2902 1031 2995 meminit,
1057 2902 1197 2981 dicens:
1226 2905 1372 2987 Cibabis

302 3025 372 3082 nos
389 3024 481 3100 pane
495 3005 770 3096 lachrymarum,
799 3002 975 3094 &potum
992 3003 1089 3078 dabis
1106 3009 1213 3082 nobis
1228 3012 1372 3105 lachry-

302 3126 438 3183 marum
454 3107 490 3179 in
511 3102 684 3179 mensura.
749 3100 787 3174 T
789 3100 989 3182 endendum
1007 3118 1124 3181 autem
1142 3108 1191 3182 est
1213 3105 1374 3204 semper,

303 3224 381 3281 non
398 3208 506 3280 etiarn
528 3204 775 3294 desinendum:
808 3222 927 3293 neque
948 3204 1086 3276 ideirco
1105 3206 1148 3280 ad
1172 3208 1373 3302 perfeetum

303 3304 709 3397 noncontendendum,
737 3303 818 3396 quia
833 3301 1017 3381 doleamus
1033 3301 1084 3398 id,
1112 3325 1185 3398 quo
1196 3308 1373 3406 tenditur,
1445 3397 1454 3408 ‚

304 3424 382 3481 non
405 3405 505 3502 polle
530 3402 706 3498 contingi.
770 3402 841 3475 Sed
860 3403 895 3475 in
912 3398 983 3495 ipsa
1002 3408 1246 3481 contendendi
1265 3410 1375 3507 perti·

302 3507 409 3581 nacia
425 3502 619 3580 dolendum
637 3502 706 3595 eil,
737 3520 813 3576 non
833 3504 1045 3605 contingere
1059 3524 1128 3580 nos
1150 3504 1271 3601 polle,
1299 3528 1373 3603 quo

301 3605 498 3680 tendimns.
548 3602 702 3677 Doloris
716 3603 819 3694 hujus
839 3602 1016 3678 Dominus
1030 3605 1204 3699 meminit,
1231 3607 1374 3685 dicente

304 3702 410 3780 Beati
427 3704 614 3799 lugentes,
653 3704 821 3795 quoniam
839 3702 901 3795 ipsr
924 3702 1229 3794 consolabuntur3
1263 3706 1377 3783 beati·

305 3804 470 3878 tudinem
489 3802 746 3878 consolationis
768 3806 819 3876 ob
836 3801 968 3877 luslum
988 3806 1022 3878 or
1042 3806 1209 3879 dolorem
1224 3825 1300 3883 non
1317 3808 1377 3884 ad·

304 3919 401 4001 eptae
418 3900 735 3977 consummationis
753 3904 972 3995 impertiens.

412 4023 469 4094 14.
496 4001 748 4095 Propheticam
767 4017 886 4076 autern
906 4007 1080 4077 virtutem
1094 4000 1168 4096 ipse
1178 4001 1239 4079 ille
1256 4005 1377 4100 dispo·

309 4101 393 4182 litus
414 4106 453 4181 in
479 4118 645 4198 tempora
670 4106 869 4179 uerborum
895 4105 993 4180 ordo
1013 4103 1194 4201 servavit,
1228 4104 1376 4181 dieenss

1244 4209 1326 4279 Sur·
1436 4252 1439 4258 ·
