3317 4900
315 401 397 530 323⁸
635 409 691 490 28.
742 409 1081 488 Hrnaarr·
1170 439 1175 447 ·

321 583 384 662 libi
401 599 447 654 ex
461 573 688 652 sordentibus
710 595 751 646 ac
765 573 968 646 tenuilhmis
985 572 1019 646 se
1033 574 1218 668 principiis
1235 574 1401 650 coalitos

250 719 253 726 ·
322 685 359 758 in
372 683 462 753 hanc
474 677 624 750 sormam
635 673 780 766 perfecti
797 674 963 764 corporis
975 675 1175 766 procreari,
1204 674 1400 748 &inhunc

321 779 512 858 sentiendi,
540 775 750 852 contuendi,
771 773 965 865 iudicandi,
990 775 1112 868 agendi
1127 773 1284 866 sensum,
1314 773 1397 848 Deo

323 878 526 980 proseilum
536 875 766 955 minillrante,
782 874 996 954 procedere:
1023 875 1109 946 nibil
1119 875 1294 964 cuiquam
1303 873 1399 950 suum

326 979 410 1068 else,
437 979 521 1050 nihil
539 978 739 1066 proprium,
768 971 823 1045 sed
845 972 978 1045 cundlis
995 974 1096 1046 dono
1115 975 1285 1064 parentis
1298 975 1396 1048 unius

326 1083 449 1154 eadem
468 1077 501 1148 dt
517 1075 683 1148 veniendi
697 1077 730 1145 in
746 1074 856 1145 vitam
869 1075 973 1146 tribui
986 1074 1193 1164 primordia,
1222 1079 1262 1146 δι
1277 1075 1397 1148 utendi

326 1177 606 1264 easrrbllantiam
622 1172 824 1246 ministrari:
850 1193 890 1246 ac
902 1193 971 1244 nos
983 1175 1109 1264 optimi
1120 1175 1233 1264 iliius,
1263 1176 1329 1264 qui
1340 1197 1398 1248 no·

326 1281 382 1356 bis
400 1279 440 1350 stt
456 1277 516 1350 ista
535 1278 699 1369 largitos,
738 1275 930 1364 exemplo,
965 1271 1155 1365 persun'clae
1176 1275 1212 1346 in
1243 1295 1320 1346 nos
1341 1277 1399 1348 bo

326 1381 450 1454 nitatis
475 1378 550 1468 ejus
578 1371 646 1446 else
667 1375 815 1444 aemulos
833 1387 1027 1463 oportere:
1064 1374 1209 1445 utboni
1231 1375 1403 1449 omnibus

326 1479 444 1554 sunus.
473 1475 675 1547 communia
693 1473 812 1544 omnia
833 1471 1283 1563 omnibusexiliimemus3
1312 1477 1404 1549 nulla

328 1599 398 1654 nos
424 1597 492 1648 nec
507 1575 669 1645 secularis
689 1570 794 1644 sallus
810 1569 1018 1665 insolentia,
1045 1593 1113 1644 nec
1130 1593 1249 1664 opum
1270 1577 1403 1667 cupidi·

329 1691 408 1762 tas,
435 1695 501 1748 nec
521 1676 632 1744 inanis
650 1674 772 1766 gloriae
790 1675 937 1746 ambitio
956 1688 1183 1763 corrumpat:
1210 1675 1279 1746 sed
1297 1675 1403 1768 subje-

331 1775 375 1850 tii
396 1775 477 1846 Deo
496 1774 617 1862 simus,
652 1772 684 1842 dt
709 1773 752 1844 de
770 1774 1025 1845 communione
1046 1772 1195 1844 vivendi
1211 1775 1255 1846 in
1280 1795 1424 1848 omnes·

331 1875 530 1950 communis
548 1875 632 1944 vitae
649 1873 819 1944 charitate
834 1885 1034 1944 teneamur:
1062 1893 1235 1966 magnum
1251 1877 1401 1950 etiamia

331 1996 401 2064 eo,
427 1973 525 2066 quod
545 1975 616 2045 nati
637 1969 772 2053 sumus,
798 1970 927 2042 divinae
944 1972 1116 2043 bonitatis
1131 1969 1308 2050 futurum
1325 1993 1405 2068 pro·

330 2073 462 2149 festum
478 2071 730 2161 existimantes,
757 2070 857 2159 cuius
867 2072 1046 2160 premium
1057 2087 1164 2162 atque
1176 2073 1312 2148 honor
1325 2094 1404 2167 pre·

331 2173 440 2250 sentis
457 2176 539 2247 vitat
563 2173 732 2262 operibus
749 2168 789 2241 stt
801 2171 1008 2242 merendus:
1039 2187 1146 2261 atque
1163 2172 1216 2244 ita
1236 2176 1403 2266 perhanc

331 2273 471 2367 spiritus
488 2271 744 2350 humilitatem,
771 2269 896 2359 quade
911 2270 994 2342 Deo
1008 2273 1113 2342 nobis
1129 2275 1402 2350 meminerimus

333 2375 368 2449 ἃ
391 2373 526 2446 indulta
546 2371 680 2459 omnia,
708 2368 741 2440 dr
764 2370 934 2466 deinceps
953 2371 1100 2465 potiora
1118 2368 1320 2467 speranda,
1345 2395 1403 2450 cte

331 2474 449 2553 lorum
470 2492 619 2567 regnum
636 2472 702 2544 erit
719 2468 890 2544 nostrum.
981 2482 984 2488 '

435 2595 467 2663 3.
494 2576 589 2645 Beati
616 2579 724 2647 mites,
756 2576 905 2666 quoniam
933 2570 986 2664 ipfi
1008 2571 1253 2645 hereditabunt
1275 2591 1401 2648 reram.

332 2674 485 2749 Mitibus
512 2689 614 2743 terne
640 2669 880 2742 hereditatem
904 2670 1116 2760 pollicetur,
1153 2671 1297 2767 idest,
1336 2678 1403 2767 ejus

334 2774 524 2863 corporis,
557 2772 654 2860 quod
678 2769 749 2860 ipse
774 2768 953 2843 Dominus
973 2768 1126 2842 assumsit
1142 2771 1404 2848 habitaculum.

334 2873 427 2967 Quia
453 2893 517 2957 per
542 2868 844 2941 mansuetudinem
870 2871 999 2941 mentis
1027 2868 1157 2941 nostrae
1181 2870 1404 2947 habitaverit

333 2969 491 3043 Christus
512 2972 547 3040 in
571 2972 697 3059 nobis,
731 2989 800 3040 nos
819 2989 964 3060 queque
979 2970 1093 3064 gloria
1114 2968 1312 3047 clarificati
1336 2978 1404 3067 ejus

333 3068 499 3163 corporis
526 3068 726 3141 vestiemur.

433 3194 467 3258 4.
495 3173 587 3240 Beati
601 3171 761 3261 leocrates,
787 3173 936 3263 quoniam
951 3169 1005 3264 ipſs
1023 3168 1289 3255 conspicabantur.
1341 3174 1405 3247 Lu·

276 3288 291 3302 ·
332 3272 499 3367 gentibus
532 3281 674 3341 aeternae
714 3268 971 3340 consolationis
1005 3267 1128 3341 solatia
1163 3274 1402 3362 repromittit.

332 3370 423 3449 Non
439 3370 610 3441 orbitates
628 3381 688 3439 aut
704 3370 959 3453 contumelias,
999 3383 1061 3441 aut
1081 3370 1205 3441 damna
1229 3372 1404 3447 maerenti·

332 3472 423 3559 bus,
450 3468 506 3541 sed
526 3484 674 3558 peccata
691 3483 815 3539 vetera
834 3468 1017 3559 flentibus,
1045 3470 1078 3539 ἃ
1098 3469 1311 3566 criminum,
1339 3472 1405 3565 qui·

332 3573 400 3645 bus
417 3567 698 3641 obsordescimus
715 3567 933 3639 conscientia
949 3567 1165 3660 aerumnosis,
1192 3570 1279 3645 haec
1291 3573 1404 3647 sedula

332 3673 370 3753 in
389 3671 482 3742 coelo
499 3668 703 3741 consolatio
723 3684 951 3760 preparatur.

434 3791 468 3859 ς.
497 3772 603 3853 Beati,
630 3774 685 3864 qui
701 3765 895 3849 esuriunt&
905 3770 1027 3861 ficiunt
1038 3767 1226 3863 justitiam:
1256 3775 1403 3868 quonian

333 3868 389 3965 ipis
397 3870 646 3956 saturabuntur.
697 3866 906 3939 Sitientibus
926 3868 958 3939 dc
976 3865 1210 3940 esurientibus
1217 3871 1398 3959 justitiam,

332 3969 592 4042 beatitudinem
613 3967 759 4037 tribuit:
785 3964 982 4060 significans
999 3966 1177 4041 extensam
1199 3971 1237 4041 in
1253 3973 1328 4043 Dei
1347 3971 1400 4041 do·

335 4067 481 4143 &trinam
498 4066 709 4142 Sandorum
727 4066 934 4142 aviditatem
952 4068 1056 4141 bonis
1073 4066 1243 4163 perfectae
1265 4073 1304 4145 in
1317 4070 1402 4143 coelo

328 4160 506 4252 satietatis
528 4168 676 4265 expleri.
1232 4174 1273 4247 6.
1302 4174 1362 4245 Be·
