3317 4900
1225 361 1378 458 ipse·
1430 363 1772 439 sermonis
1822 348 2053 456 hujmi'
2079 367 2435 440 rationem
2491 360 2835 437 absolvit.

1227 466 1418 538 enim
1451 477 1780 556 tempore
1811 465 2271 556 adventuque
2308 478 2885 555 commemorat,

1227 564 1318 636 ab
1337 559 1743 638 infidelibus
1767 566 2140 658 separabit,
2165 582 2375 655 atque
2395 565 2480 638 ab
2514 561 2908 636 infructuoi

1227 659 1582 736 discernet
1609 718 1633 756 ,
1689 667 1939 738 hoedos
1966 667 2308 737 videlicet
2338 666 2424 736 ab
2458 665 2688 758 agnis,
2745 663 2816 734 δι
2844 666 2908 736 it

1224 762 1491 836 finistra
1525 766 1895 840 collocans
1928 784 2532 855 unumquemque,
2586 762 2803 855 digna
2846 784 2908 836 ιι

1227 875 1355 936 aut
1395 867 1675 937 malitiae
1718 865 1852 940 suae
1885 864 2044 938 sede
2078 863 2511 938 constituet:
2561 862 2893 936 indicans

1226 961 1362 1036 mis
1403 961 1536 1037 suis
1565 1013 1592 1050 ,
1640 965 1713 1038 id
1750 965 1853 1040 est
1880 1018 1907 1057 ,
1970 966 2054 1037 iis
2094 967 2211 1056 qui
2246 964 2366 1037 fibi
2410 983 2567 1036 cum
2597 961 2908 1036 humilita

1227 1059 1669 1158 speetatione
1711 1065 2140 1140 famulentur
2181 1063 2245 1136 δι
2274 1061 2734 1136 esurientibus
2771 1062 2908 1154 ali,

1227 1164 1364 1237 bus
1401 1168 1636 1260 potari
1670 1219 1696 1257 ,
1764 1165 1833 1238 &
1864 1164 2476 1260 peregrinantibus
2520 1159 2908 1238 confoveri

1233 1268 1583 1361 contegi,
1651 1261 2051 1339 &infirmis
2108 1263 2417 1348 visitari,
2485 1261 2552 1335 &
2601 1257 2908 1334 solliciti:

1228 1363 1342 1442 Ita
1376 1371 1562 1442 enim
1609 1365 1682 1438 in
1728 1362 2223 1438 universorum
2268 1360 2580 1436 fidelium
2624 1378 2908 1453 corpor

1230 1466 1512 1558 busque
1539 1464 2093 1551 transfunditur,
2144 1477 2223 1535 ut
2246 1463 2396 1536 haec
2421 1460 2883 1538 humanitatis

1230 1571 1528 1663 gratiam
1579 1565 1767 1639 suam
1807 1560 2117 1658 impensa
2158 1563 2605 1656 mereantur,
2656 1574 2785 1634 aut
2831 1565 2908 1636 oi

1234 1683 1399 1766 gata
1433 1675 1969 1741 commoveant.

1390 1837 1455 1890 2.
1511 1811 1677 1886 Post
1703 1833 1910 1905 quem
1948 1807 2385 1901 sermonem,
2435 1829 2579 1900 quo
2609 1807 2677 1881 se
2714 1819 2908 1881 vent⁴

1236 1919 1394 1994 ὀίω
1429 1913 1764 1989 claritatis
1804 1911 2213 1985 ostenderat
2246 1951 2309 2002 ,-
2339 1929 2534 1983 nunc
2572 1905 2908 2001 paffurun

1234 2030 1538 2095 monet:
1601 2026 1686 2085 ut
1726 2011 2230 2085 sacramentum
2286 2011 2514 2082 crucis
2570 2010 2908 2082 admixtu]

1233 2122 1358 2194 riae
1387 2114 1801 2189 aeternitatis
1834 2109 2321 2208 agnoscerent.
2424 2107 2737 2180 Sumitur
2770 2111 2908 2182 int<

1238 2216 1477 2294 mendi
1520 2215 1672 2305 ejus
1713 2235 1750 2284 a
1784 2210 2040 2305 Judaeis
2074 2208 2486 2283 confilium:
2551 2207 2617 2280 ἃ
2660 2227 2908 2304 congr-

1239 2318 1518 2410 cipibus
1570 2311 2065 2405 sacerdotum,
2137 2307 2422 2386 occano
2484 2306 2663 2382 tanti
2714 2305 2908 2384 facin

1235 2415 1484 2495 &atuh
