3317 4900
314 465 320 472 ’
398 465 684 589 Tractarur
708 485 759 541 ιιι
784 461 935 576 cx1v,
957 447 1196 548 Paatuuar.
1303 487 1330 568 p

263 633 471 708 dationem:
498 633 665 723 atqueita
679 628 927 722 accipiendum
941 632 1330 722 putentcarbonerde·

259 732 475 825 'solationia,
500 729 580 823 quia
594 731 772 804 Dominus
783 730 929 804 dixerit:
955 729 1080 826 Ignem
1090 731 1175 805 veni
1184 731 1329 810 mittere

262 834 302 908 in
327 848 483 923 terram
509 831 641 921 &quid
661 832 776 912 volo,
802 830 917 922 stiam
937 827 1104 905 accensas
1118 828 1194 904 elli
1236 830 1328 908 Non
1411 895 1414 900 .

221 1009 228 1016 ,
263 931 318 1008 est
337 946 460 1005 autem
488 930 654 1021 dubium,
689 941 925 1023 peecatorum
943 949 1024 1004 aum
1047 931 1270 1008 ablutionem
1295 931 1331 1006 tr

261 1031 500 1106 remiffionem
521 1027 694 1119 attulisse3
721 1049 824 1122 quam
844 1029 962 1126 ignem
971 1031 1043 1121 J'am
1061 1029 1245 1106 accensum
1259 1029 1331 1130 eil'e

260 1133 420 1224 dixerit,
446 1131 526 1223 quia
540 1137 610 1223 'per
630 1149 711 1204 euna
734 1131 907 1203 vitiorum
929 1131 1089 1205 omnium
1108 1126 1193 1214 liat,
1217 1129 1327 1206 sordi·

262 1251 400 1324 umque
418 1232 594 1327 purgatio.
645 1227 905 1303 Accomodant
924 1242 1043 1302 autem
1063 1230 1108 1304 ad
1126 1231 1200 1303 lroc
1221 1230 1329 1327 illud,

266 1331 367 1422 quod
387 1329 517 1404 dilium
546 1331 590 1403 ad
611 1325 746 1403 Esaiam
768 1327 840 1421 est,
879 1348 959 1402 curn
978 1348 1043 1421 per
1063 1329 1242 1423 forcipem
1256 1351 1330 1404 car·

262 1433 366 1506 bone
379 1425 639 1524 comprehenso
652 1429 745 1503 labia
763 1430 840 1520 eius
858 1427 1022 1503 eontaiia
1034 1428 1133 1508 sunta
1159 1426 1329 1505 Eeceab·

263 1529 345 1606 stuli
359 1529 546 1624 injustitias
566 1543 668 1620 tuat,
695 1527 894 1620 &peccata
907 1543 969 1601 tua
990 1527 1153 1626 purgavi.

365 1637 398 1712 t.
424 1627 470 1703 Sa
494 1630 596 1701 ittam
611 1637 729 1702 auten
745 1623 856 1719 ipsum
874 1627 1069 1705 Dominum
1081 1643 1328 1725 nuncupatum

265 1731 304 1806 in
317 1729 448 1806 eodem
466 1649 566 1803 Esaia
581 1726 809 1802 meminimus·
822 1727 895 1801 hoc
909 1729 1039 1804 modo:
1065 1725 1257 1824 Etposuit,
1271 1752 1331 1805 me

265 1845 446 1924 tanquam
467 1825 624 1926 sagittam
642 1826 803 1917 cleliam,
830 1825 915 1900 &in
928 1828 1091 1921 pharetra
1106 1828 1164 1904 sua
1181 1829 1332 1907 abscon·

265 1931 321 2006 dit
336 1951 415 2025 me,
453 1928 569 2004 &titt
603 1926 749 2001 Grande
769 1926 834 2000 tibi
855 1925 908 1999 est
921 1928 1015 2028 hoc,
1040 1933 1166 2002 vocari
1187 1944 1226 2006 te
1243 1951 1331 2025 put·

264 2051 348 2106 runt
366 2047 498 2105 meum.
546 2025 627 2101 Esse
646 2028 766 2120 itaque
781 2027 1012 2121 intelligimus
1029 2028 1135 2103 etiarn
1148 2030 1245 2104 huuc
1262 2031 1332 2105 uti·

263 2131 341 2204 lem
356 2125 565 2225 sagittam&
585 2142 794 2221 potentem,
827 2123 985 2206 confixit
1002 2127 1175 2201 vitiorum
1189 2129 1332 2206 nostro·

267 2247 351 2303 rum
374 2228 528 2319 aculeir,
571 2219 697 2300 salubri
717 2247 787 2299 noa
803 2228 957 2299 vulnere
976 2227 1129 2321 utilique
1143 2242 1332 2321 penetran-

267 2325 367 2417 tem3
395 2323 1218 2426 dequasagittasponsaillainCanticitdixerit:
1243 2328 1335 2404 vul·

264 2441 391 2505 nerata
408 2426 609 2503 dilestionia
626 2447 695 2523 ego
712 2424 796 2501 sum.
917 2480 920 2485 -
998 2480 1001 2489 .

373 2550 409 2623 9.
434 2527 513 2603 Sint
527 2547 615 2625 ergo
633 2528 686 2600 hae
704 2524 837 2622 sagitte
852 2540 1045 2620 utrumque
1060 2526 1098 2602 in
1111 2527 1258 2603 modum
1271 2542 1332 2604 ex·

263 2624 455 2719 spetiatae,
493 2629 554 2701 vel
578 2628 615 2700 in
635 2646 774 2722 poenam
793 2625 1020 2701 conscientie
1041 2629 1184 2719 iniquos
1204 2648 1247 2701 ae
1267 2628 1333 2703 do·

267 2723 371 2800 iosos
390 2723 635 2824 configentes,
667 2726 731 2798 vel
749 2728 786 2798 in
807 2725 1015 2800 dilettorum
1036 2727 1098 2803 fibi
1111 2728 1329 2821 corporibus

265 2839 421 2920 peccata
446 2826 482 2899 or
499 2826 594 2935 'vitia
614 2826 859 2900 vulnerantes.
922 2825 1046 2917 Sitque
1057 2829 1124 2901 uel
1144 2824 1332 2904 devastant

269 2926 406 3018 carbo,
442 2927 504 3000 vel
529 2944 708 3022 purgans,
747 2924 944 2998 dummodo
965 2930 1182 3022 abnegantes
1210 2927 1333 3003 Deuni

269 3045 336 3120 per
354 3041 494 3121 poenam
516 3023 693 3119 absumat,
725 3036 856 3122 purget
872 3038 990 3102 autem
1004 3027 1046 3099 ad
1066 3024 1258 3123 perieiiarn
1278 3029 1334 3102 in·-

268 3127 476 3199 nocentiam
491 3124 722 3199 confitentes.

375 3246 433 3298 10.
456 3224 525 3299 Sed
542 3245 617 3316 que
630 3226 673 3298 ad
690 3224 873 3317 superiora
882 3222 973 3296 diila
982 3220 1130 3316 sequens
1140 3224 1332 3320 Prophetae

264 3321 457 3419 responsio
481 3323 560 3398 esti
589 3328 662 3397 Hert
679 3329 741 3396 mel
768 3327 847 3423 qued
864 3319 1017 3395 incolatus
1036 3327 1331 3422 meurprolongotur

271 3418 325 3521 esti
374 3422 1334 3518 Bouanonpossuntvideriverebonaanobiajurii·

272 3523 367 3612 cari,
398 3524 461 3599 nisi
484 3537 711 3618 expetantur.
767 3525 863 3599 Nam
884 3524 1070 3619 quomodo
1090 3521 1333 3615 fidemjudicii

270 3620 407 3715 nostri,
438 3625 501 3699 nist
527 3642 673 3717 eorum,
706 3623 751 3698 de
771 3626 1016 3715 quibuabtne
1031 3623 1330 3715 judicaverimus,

271 3718 464 3797 efficientia
485 3722 749 3816 prestabimus?
781 3723 918 3798 Bonam
938 3724 1143 3817 pudicitiam
1162 3720 1333 3799 existima·

270 3842 374 3897 rnus:
409 3824 467 3914 qui
486 3844 572 3920 ergo
587 3824 769 3918 opinionis
789 3824 919 3898 nostrat
936 3822 1092 3915 fruitus,
1128 3821 1193 3895 nist
1206 3823 1242 3897 in
1259 3822 1332 3918 ipsa
1375 3892 1378 3897 ,

270 3921 455 4017 pudicitie
467 3924 690 4021 appetitione
703 3922 897 3998 consiliati
912 3924 1024 3997 ‘llona
1043 3922 1094 3998 eit
1109 3925 1334 4001 innocentiat

272 4020 335 4097 sed
362 4022 426 4095 nifi
451 4020 658 4098 festinantes
679 4039 790 4121 atque·
810 4036 1021 4098 exercentes
1041 4045 1140 4115 earn,
1176 4044 1267 4097 vere
1282 4026 1334 4102 ita

272 4120 748 4224 sentitenonintelligemur.
765 4124 1337 4301 gieurruueninjutieingron

829 4246 851 4319 5
1174 4240 1247 4300 utt
1271 4247 1311 4302 xa
