3317 4900
347 439 502 532 176„¹
600 473 602 478 ·
682 423 718 503 ἃ
769 423 1123 508 Hstaass.

343 593 506 696 pontium
530 589 704 664 vitiorum
721 589 909 665 incentiva
927 611 975 663 eo
994 588 1066 666 eise
1080 593 1324 688 veniendum
1347 619 1418 682 va.

346 711 473 786 retur,
496 687 640 782 nequid
656 687 719 762 srbi
735 709 799 783 per
812 706 974 763 naturam
994 693 1159 784 corporis
1177 716 1224 786 ex
1240 697 1416 780 vitiisad·
1449 697 1454 764 1

317 837 320 842 -
346 790 527 874 harescit.
576 785 662 862 1²0st
677 785 752 864 hssaec
767 789 863 864 eninr
874 790 918 862 ad
936 790 1134 866 Dominum
1148 807 1333 890 precatur,
1357 802 1411 878 di·
1450 767 1454 872 i

348 911 455 970 cens:
481 895 665 976 Memmi,
694 893 852 976 Domine,
868 892 1016 981 filiam
1037 892 1189 964 Edoniis
1207 897 1290 970 diens
1307 896 1414 996 Jun-

256 991 258 996 ’
342 985 450 1091 salem.
499 989 703 1085 Qnidr'csnt:
732 989 924 1073 Exinunr'te,
949 995 1413 1094 exinanitequuadusquejrrn·

303 1091 306 1098 '
348 1099 532 1170 &nmium
551 1095 590 1160 irs
603 1114 649 1160 u.
699 1084 818 1162 Edorn
830 1088 1090 1182 interpretatur
1099 1105 1297 1174 terrenum.
1347 1101 1412 1175 vi.

337 1195 400 1272 -tia
412 1196 533 1284 itaque
549 1185 683 1262 terreni
698 1186 1002 1282 comortamini,
1029 1210 1107 1281 que
1123 1196 1207 1282 quia
1220 1218 1266 1268 ex
1283 1213 1412 1274 natura

347 1292 518 1388 eorporis
529 1300 682 1364 exeunt:
708 1281 826 1361 Edon
842 1284 906 1362 filii
922 1306 1198 1385 nuncupantur,
1224 1295 1279 1368 iris
1292 1297 1413 1393 Baby·

346 1395 477 1482 doniis,
502 1388 539 1462 id
555 1385 629 1481 est,
655 1385 925 1463 cunsusonibus
940 1388 1322 1482 &perturbationibus
1336 1395 1412 1474 seu·

340 1493 404 1572 sus
430 1485 540 1564 nostri
559 1488 752 1580 imperant,
782 1501 825 1560 ut
846 1508 917 1564 nos
935 1510 977 1562 ea
994 1489 1237 1585 plenitudine,
1269 1517 1341 1586 qua
1356 1517 1412 1572 ra·

348 1587 574 1692 pletisunus,
590 1599 799 1664 evacuent.-
833 1587 1194 1682 Scriptumesteninr:
1218 1595 1410 1692 Quoniam

348 1693 394 1768 de
409 1685 1075 1783 plenitudineeJusornnssaccepimus.
1127 1692 1296 1790 Quisquis
1310 1697 1411 1774 enim

349 1809 463 1883 capax
483 1785 535 1862 est
554 1786 724 1879 Domini,
755 1786 828 1879 ipse
844 1787 877 1860 u
895 1787 940 1861 de
956 1789 1177 1880 pienitudine
1189 1789 1411 1885 ejus-impie·

348 1905 409 1966 tus
426 1885 488 1964 est.
539 1883 601 1960 Est
619 1899 736 1960 autern
751 1885 827 1960 hec
843 1901 970 1974 natura
979 1889 1113 1960 turbidi
1125 1889 1331 1983 confirssque
1340 1913 1411 1984 per

347 1990 441 2066 ¹vitia
457 1986 624 2079 corporis
639 1981 776 2076 sensus,
802 1999 844 2058 ut
858 1985 883 2060 sr
905 1983 1010 2060 senei
1026 2009 1095 2062 nos
1112 1991 1148 2062 in
1163 2010 1307 2064 ornnem
1322 2011 1410 2084 peu·

350 2092 421 2174 cati
437 2087 663 2166 voluntatem
680 2083 713 2155 ds
730 2082 1023 2160 consuetudinem
1042 2091 1214 2179 traxerit3
1241 2093 1409 2166 omnibus

349 2211 419 2267 nos
437 2188 613 2276 bonarum
630 2182 804 2258 virtutum
822 2183 942 2260 studiis
967 2188 1158 2264 exinaniat.
1208 2189 1299 2263 Haec
1320 2211 1407 2288 argu

347 2291 440 2376 uitia
455 2287 508 2362 his
521 2280 636 2358 sensus
643 2281 753 2357 nostri
767 2284 918 2358 turbidis
932 2285 1201 2360 consusronibus
1215 2291 1407 2381 imperant,

349 2391 403 2463 uti
418 2405 486 2461 nos
502 2382 737 2459 fundamento
753 2380 830 2478 ipso
848 2387 1065 2471 exinaniant
1118 2389 1298 2486 Quisquis
1315 2393 1408 2465 enirn

349 2487 484 2565 nunus
503 2483 565 2573 est,
590 2502 660 2577 pro
678 2498 780 2577 parte
791 2482 982 2579 Jerusalem
997 2487 1068 2576 ipse
1077 2485 1147 2573 est3
1172 2489 1310 2578 quises
1322 2510 1408 2563 con·

348 2604 465 2663 ventu
482 2586 671 2667 beatorum
687 2584 863 2673 virorum,
891 2584 924 2657 dr
941 2586 1071 2659 coelesti
1082 2583 1270 2661 consortio
1283 2589 1408 2683 dignu·

349 2708 450 2775 rum,
483 2681 672 2778 Jerusalem
686 2684 857 2759 vivorum
879 2685 913 2755 ds
931 2684 1170 2776 pretiosorum
1189 2689 1345 2779 lapidum
1363 2691 1408 2761 ei·

348 2788 444 2857 vitas
469 2785 557 2874 erit,
592 2798 696 2872 quam
719 2782 795 2865 haec
819 2799 961 2859 terrena
985 2786 1073 2860 vitia
1095 2789 1266 2876 usque-ad
1285 2787 1408 2861 sunda·

347 2899 507 2967 mentum
529 2883 710 2957 exinanire
728 2882 904 2959 nituntur.
954 2880 1003 2955 Et
1019 2886 1117 2972 quod
1138 2885 1407 2961 fundamentum

348 2989 387 3059 in
408 2981 599 3073 nobis-sit,
633 2979 829 3075 Apostolus
847 2983 977 3071 ducet,
1009 2984 1149 3057 dicens:
1186 2984 1408 3061 Fundamen-

280 3130 284 3137 .
342 3101 425 3158 turn
449 3099 567 3156 autern
581 3080 682 3167 ¹,uliud
703 3101 810 3154 nerno
826 3080 946 3172 potest
963 3104 1122 3176 ponere,
1153 3100 1282 3177 prater
1299 3087 1407 3175 iliud,

349 3183 448 3277 quod
466 3179 702 3276 positumest,
740 3183 839 3271 quod
859 3180 908 3254 est
927 3179 1095 3254 Christus.
1161 3185 1281 3258 Omne
1300 3187 1407 3281 igitur

346 3285 531 3380 religionis
556 3280 719 3371 initium,
757 3300 866 3353 omne
887 3280 1155 3356 fundamentum
1184 3283 1253 3378 spei
1277 3283 1406 3359 nostre
1448 3330 1451 3339 =

348 3402 528 3465 evacuare
545 3393 704 3453 tentant:
731 3399 777 3453 ne
792 3383 911 3471 quain
926 3382 1032 3453 nobis
1052 3384 1221 3455 rnernoria
1239 3382 1274 3454 ds
1287 3403 1407 3458 recor·

348 3484 448 3557 datio
469 3481 537 3557 Dei
558 3478 726 3567 resideat,
764 3500 902 3570 nequa
929 3477 1006 3571 spes
1031 3483 1116 3553 boni
1137 3483 1285 3572 alicujus
1302 3486 1407 3557 relin-

337 3582 489 3675 'quatun
540 3577 899 3657 Fundamentuenirn
921 3576 1019 3668 fidei,
1046 3581 1143 3670 quod
1163 3580 1213 3654 est
1231 3580 1406 3675 Christus,

347 3678 457 3755 erute
482 3682 516 3753 ds
540 3676 704 3776 euerso,¹
724 3698 770 3750 ne
785 3678 890 3769 ipsius
909 3680 1052 3768 quidem
1069 3676 1284 3757 edificandae
1298 3683 1406 3757 nobis

319 3830 323 3837 ·
345 3801 412 3876 per
426 3778 669 3876 penitentiam
691 3775 1022 3863 veniae,consoiatio
1042 3780 1277 3870 relinquetur.

452 3902 506 3973 13.
534 3877 823 3953 commemorata
841 3890 959 3949 autem
977 3877 1165 3969 Jerusalem
1181 3881 1404 3972 captivitate.

347 3980 384 4054 dt
403 3978 559 4055 filiorum
578 3977 696 4055 Edunt
715 3977 751 4051 in
765 3976 1010 4067 exinaniendis
1025 3979 1131 4053 uobis
1145 3979 1311 4069 usquead
1324 3978 1407 4052 sun·

347 4083 551 4165 dementum
569 4078 846 4187 ιάὴαῃαᾱοιιο,
869 4076 1092 4177 consequens
1105 4076 1183 4174 est,
1201 4093 1257 4174 ut,
1284 4068 1408 4172 quate·

1287 4200 1358 4253 nus
