3317 4900
340 463 624 544 'l'aacrrr‘oa
647 481 696 538 ru
722 447 947 537 CXXXVI.
972 455 1203 544 sennarum.
1260 475 1332 567 ης

263 631 365 724 mre,
398 645 503 720 quam
526 622 589 698 srbi
608 618 730 696 lide&
751 618 1017 714 exspectatione
1035 621 1233 725 presumit,
1265 629 1330 710 sub
1362 607 1366 614 ¹

267 749 378 830 poena
396 746 473 800 non
491 723 689 797 recordatae
712 718 900 811 Jerusalem
920 719 992 814 ipse
1006 724 1214 816 preposuit:
1250 747 1332 810 uta

267 828 446 910 memoria
462 824 618 897 dexterae
632 819 720 914 sue,
755 819 792 892 id
805 817 875 910 est,
909 823 1034 910 ornain
1055 823 1203 899 dextera
1217 833 1332 906 collo·

264 943 439 1018 curetur,
465 923 580 1017 liipse
594 919 801 997 memoriam
819 917 1011 1015 Jerusalem
1024 941 1101 997 nou
1114 924 1333 1030 retinuisset,

266 1028 468 1108 excideret.
1317 1039 1321 1048 ’

377 1147 435 1201 ιι.
457 1115 656 1195 'Addiditdr
674 1118 774 1194 aliem
790 1137 931 1213 poenam
945 1117 1164 1218 oblivionis,
1189 1125 1333 1206 diceneo

272 1227 447 1306 Arianae
466 1223 575 1315 lingua
598 1243 663 1289 mee
682 1226 811 1313 gurrari
839 1243 921 1305 mee,
942 1219 1065 1390 sm
1085 1228 1253 1298 meminero
1268 1232 1332 1304 rei.

272 1329 352 1403 Scit
365 1322 489 1400 infelix
509 1341 552 1392 oe
567 1316 664 1392 suum
679 1315 749 1392 else
764 1339 783 1392 a
796 1317 867 1392 Dei
882 1319 940 1391 lau
965 1319 1043 1392 ibus
1056 1334 1205 1410 mutiam.
1256 1327 1334 1406 Scit

269 1432 400 1504 beatae
422 1424 498 1496 illas
521 1432 741 1509 eternaeque
763 1417 928 1490 Virtutea
945 1415 1081 1495 throno
1101 1419 1172 1497 Dei
1188 1423 1335 1504 allisten·

269 1523 350 1618 tet,
377 1522 589 1618 continuata
611 1537 708 1590 voce
728 1519 765 1589 in
788 1515 859 1588 Dei
880 1516 1041 1592 laudiboe
1061 1541 1270 1613 permanere
1283 1528 1334 1602 dl.

272 1639 417 1714 centeat
442 1617 609 1708 Sanilus,
636 1615 788 1703 sonitus,
813 1613 949 1688 sandius
964 1617 1143 1704 Dominua
1160 1621 1335 1704 neusa

272 1724 409 1804 baotlr:
434 1719 529 1814 pleni
546 1716 626 1789 sunt
642 1707 719 1788 coell
739 1714 885 1787 &terra
904 1715 1018 1810 gloria
1033 1731 1105 1796 tua
1154 1719 1335 1805 Scitdrde

272 1825 352 1913 bia,¹
382 1821 441 1914 qui
463 1830 690 1892 mortuorum
707 1812 819 1889 modo
837 1813 938 1885 taciti
952 1814 989 1887 in
1003 1815 1076 1889 Dei
1095 1819 1259 1898 laudiboa
1279 1825 1334 1902 vi·-

271 1934 422 2012 verent,
448 1918 577 1991 diuum
593 1913 680 1989 else:
704 1913 1335 2015 Sepulchrumpatenaellguttureo'·

274 2037 375 2099 rum:
407 2019 488 2112 quia
505 2019 541 2089 in
558 2028 703 2111 gutture
726 2034 871 2105 eorum,
898 2026 1076 2106 tamquam
1090 2019 1127 2090 in
1145 2017 1334 2113 sepulchro

273 2132 446 2221 patente,
477 2119 513 2190 in
535 2115 656 2188 laudes
675 2112 744 2187 Dei
768 2124 934 2187 emortua
958 2134 1037 2187 vox
1052 2113 1179 2193 illeret.
1236 2119 1335 2198 Huic

273 2225 386 2322 igitur
412 2215 482 2292 sese
506 2214 632 2290 silentii
661 2233 773 2306 poenae
795 2211 860 2286 sub
891 2213 1091 2288 oblivionis
1122 2217 1336 2297 conditione

275 2320 455 2416 subjecit,
481 2315 506 2389 fi
531 2331 670 2388 memor
690 2310 880 2407 Jerusalem
899 2331 976 2385 non
995 2312 1128 2410 suisset:
1154 2317 1338 2398 sedetiam

274 2443 344 2521 per
361 2420 423 2512 id,
449 2413 547 2510 quod
564 2410 738 2505 sequitur:
763 2415 804 2483 Si
816 2435 883 2484 nen
897 2417 1083 2511 preposuere
1107 2418 1285 2513 Jerusalem
1297 2425 1337 2493 im

270 2519 573 2624 primipilatum
595 2537 674 2586 mee.
736 2510 940 2603 Unicuique
961 2512 1121 2591 nostrum
1145 2514 1337 2597 secundum

274 2619 479 2696 voluntatis
502 2612 569 2688 suae
590 2611 799 2687 sententiam
826 2611 956 2684 laetitio
978 2612 1081 2689 causa
1096 2612 1248 2710 sobiolla
1263 2617 1336 2717 eli,

277 2722 312 2797 dr
331 2740 379 2795 ex
396 2713 525 2792 affetu
545 2712 650 2787 animi
665 2710 715 2784 sui
737 2712 877 2784 initium
889 2711 1005 2807 gaudii
1020 2712 1144 2807 sumit,
1177 2732 1218 2790 ut
1233 2720 1339 2815 pota'.

276 2836 340 2897 tor
359 2840 404 2894 ex
423 2817 618 2903 ebrietate,
655 2825 698 2883 ut
713 2809 856 2906 gulosus
876 2812 1050 2905 err-cibit,
1087 2829 1271 2891 ut·avarue
1289 2842 1337 2895 ex

275 2920 454 3018 pecunia,
490 2928 532 2987 ut
554 2908 757 2985 ambitiosus
776 2930 821 2983 ex
837 2910 1058 3005 honoribue,
1096 2929 1137 2987 ut
1153 2912 1337 2995 seditiosus

277 3042 323 3095 ex
341 3017 482 3109 turbis,
514 3028 556 3084 ut
574 3008 781 3085 libidinosus
796 3030 842 3083 ex
860 3006 999 3104 stupris.
1049 3010 1138 3087 Hoc
1154 3020 1242 3115 e'rgo
1260 3021 1337 3093 uni·

277 3106 1339 3308 llll‘elliltllltilililtllllllilllzssll

277 3318 410 3413 ponit,
435 3313 520 3387 hinc
540 3310 726 3383 exordium
751 3306 1049 3403 gaunilonem,
1075 3312 1174 3405 quod
1188 3315 1224 3387 in
1238 3312 1339 3409 Jeru'·

278 3416 387 3493 salem
406 3425 575 3504 receptus
588 3409 802 3482 immortalia
816 3426 862 3479 ex
879 3406 1021 3481 mortali
1035 3412 1126 3506 erit,
1152 3409 1340 3503 quodeln·

280 3508 700 3614 gelorurnsrequentium
717 3508 824 3583 coetui
839 3504 1096 3597 admiscebitur,
1124 3510 1222 3605 quod
1237 3513 1340 3587 inre·

307 3632 393 3689 num
413 3609 482 3685 Dei
503 3610 717 3700 recipietur,
750 3606 851 3700 quod
872 3604 1071 3683 conformis
1092 3609 1217 3706 glorie
1232 3610 1339 3703 ipliua

278 3637 368 3792 get.-
418 3708 544 3784 Nescit
567 3726 655 3803 ergo
678 3709 745 3781 alia
768 3704 914 3805 gaudia,
948 3726 1066 3798 neque
1090 3707 1184 3781 aliud
1210 3709 1347 3799 habet,·

278 3814 379 3889 nude
394 3814 550 3903 laetetur,
577 3808 686 3882 solam
702 3804 764 3881 llbl
778 3802 968 3901 Jerusalem
979 3806 1341 3904 gaudilinitlumpree'·

277 3930 441 4083 ponent
465 4002 513 4081 Et
526 4005 606 4099 quia
622 4002 782 4078 meminit
795 3950 1000 4097 per-multae
1015 4002 1182 4096 corporia
1196 3998 1339 4079 infirmi·

278 4128 395 4206 ntea,
418 4127 485 4205 per
501 4106 631 4187 multae
645 4102 786 4199 spiritua
798 4098 990 4199 emiliam
1012 4119 1081 4195 per
1095 4102 1208 4179 multa
1222 4102 1339 4179 subre-
