3317 4900
443 518 447 524 ¹
538 485 1071 566 ruseurrruiirtnns
1246 503 1326 562 ην
1389 577 1397 586 ,

257 639 347 756 pus,
374 651 476 749 quod
493 649 722 745 adjudicium
740 647 922 743 excurrit,
947 667 1096 746 regnum
1114 643 1241 726 Christi
1260 672 1323 734 eo,-
1341 755 1345 762 .

261 779 408 856 unare.
671 851 673 856 ,
728 851 730 858 ,
1298 805 1311 842 .-

361 892 486 970 Sed&
508 893 546 966 in
571 880 624 966 Ps.
651 891 711 966 60.
726 888 788 962 ubi
808 888 917 963 dixit:
952 887 1035 981 „In
1049 903 1185 966 eterno
1206 911 1321 990 reguo

260 1015 516 1097 consedentem
531 1022 687 1105 oportet
704 1029 866 1108 regnare,
893 1009 1013 1084 donec
1028 1024 1144 1102 pontt
1157 1013 1323 1098 inimicos

260 1139 346 1215 suot
366 1130 594 1228 sub-pedibus
612 1128 738 1205 suis:“
774 1129 971 1223 prudenter
987 1150 1146 1224 cavent,
1175 1151 1222 1208 ne
1241 1154 1324 1212 cum

261 1258 443 1336 Marcello
463 1252 564 1349 regni
588 1249 697 1326 finem
723 1235 878 1324 reserere
901 1248 1141 1343 existimetur,
1174 1251 1322 1344 adjecit:

263 1355 390 1477 „Non
404 1387 446 1448 ut
461 1393 525 1448 tex
541 1369 615 1464 ipse
630 1383 706 1445 tum
719 1388 795 1476 non
811 1367 873 1450 fit,
897 1367 956 1444 sed
972 1391 1053 1446 cum
1072 1371 1258 1445 tradiderit
1271 1394 1325 1460 re·

263 1495 466 1599 gnumDeo
478 1492 588 1584 Patri,
603 1488 839 1587 conregnabit
850 1489 905 1562 his
916 1488 1002 1584 ipse,
1016 1491 1077 1583 qui
1087 1511 1189 1588 reges
1200 1490 1323 1570 sunt“
1339 1493 1342 1502 '

263 1617 319 1696 lte
337 1617 420 1691 dum
439 1611 698 1707 expendimus,
723 1610 806 1704 quid
822 1609 866 1684 fit
881 1629 1025 1707 regnum
1043 1609 1131 1684 Deo
1148 1615 1263 1709 tradi,
1289 1616 1325 1698 dr

265 1734 467 1832 quomodo
487 1731 645 1807 christus
661 1751 776 1827 regno
792 1748 870 1803 nou
884 1731 1008 1813 cedet,
1033 1732 1134 1822 quod
1147 1733 1243 1814 Petri
1255 1752 1327 1812 trr-

264 1859 416 1951 diderit,
448 1853 568 1929 sensim
585 1852 659 1926 fine
677 1849 777 1925 sensu
797 1846 980 1933 discimus,
1010 1852 1097 1941 quid
1113 1852 1325 1951 flt-regnum

262 1978 360 2067 ·Dei;
386 1995 457 2069 qur
471 1969 745 2066 purte-distiuste
759 1984 946 2064 perceptu,
972 1967 1091 2044 minue
1106 1973 1174 2046 erit
1191 1974 1326 2058 rbstru·

267 2095 367 2190 sum,
395 2092 479 2188 quid
498 2091 652 2166 Hilarius
669 2090 715 2166 de
732 2088 866 2164 Christi.
878 2109 994 2187 regno
1010 2088 1147 2166 sentiet

367 2212 404 2312 c)
431 2211 631 2308 „Regnum
645 2208 716 2283 Dei
734 2210 806 2305 est,
830 2224 873 2286 ut
888 2209 962 2304 ipse
979 2207 1105 2302 definit
1123 2211 1230 2292 iul‘s.
1245 2223 1326 2312 2.§.

265 2356 326 2427 42.
341 2334 403 2406 ubi
421 2345 610 2426 peccatum
623 2329 808 2424 uincitur,
830 2332 895 2406 ubi
913 2351 1012 2406 mors
1031 2332 1237 2430 perimitur,
1262 2339 1327 2414 ubi

257 2468 482 2550 ‘nonregnrt
496 2449 659 2526 hostis.“
706 2451 1240 2548 Mors-rutemnonperimitur,
1263 2459 1329 2535 niu
1422 2478 1427 2489 ¹

265 2596 333 2672 per
350 2571 539 2671 gloriosam
553 2569 846 2647 resurretionem
859 2571 1051 2650 secuudum
1066 2558 1349 2674 illudAugusti··

266 2694 418 2770 miserm.
430 2712 514 2786 233.
531 2690 1077 2787 „morieturdtinnobirmortt
1091 2692 1152 2769 sed
1163 2698 1328 2790 quandot

264 2817 306 2890 in
325 2812 400 2888 fine
417 2811 544 2906 seculi,
571 2813 608 2886 in
622 2809 883 2900 resurreetione
898 2820 1170 2893 mortuorum.“
1219 2818 1337 2895 Unde

270 2936 306 3010 u
324 2935 479 3010 Hilarior
493 2935 601 3029 paulo
613 2931 695 3028 post
708 2933 813 3005 allata
825 2935 937 3007 uerba
948 2933 1105 3028 subjicit:
1129 2938 1250 3038 „Hoc
1262 2962 1331 3014 no·

270 3058 328 3132 bie
347 3058 583 3151 eritregnum
602 3052 697 3145 Dei,
716 3072 798 3127 eum
811 3055 1172 3135 omuibus-vitiorum
1188 3059 1330 3135 nostru·

269 3196 350 3250 rum
368 3176 501 3251 acuieit
522 3173 680 3249 contufis
702 3175 801 3247 inber
818 3174 888 3248 erit
907 3177 1330 3270 corporeuinfirmitrtit

270 3295 449 3392 rbsorpta.
461 3296 489 3337 “
1048 3348 1054 3357 -

370 3417 442 3491 Dei
461 3416 569 3512 igitur
588 3433 737 3510 regnum
758 3411 939 3511 gloriaest
957 3420 1149 3515 eorporis,
1162 3420 1219 3493 rui
1232 3436 1332 3495 rnorr

272 3554 349 3611 nun
364 3539 511 3631 amplius
529 3534 817 3617 dominaturrsrt,
841 3532 900 3608 sed
911 3537 1030 3632 bertr,
1055 3538 1331 3634 &oternrvitu

274 3655 380 3744 adeo,
403 3672 444 3729 ut
452 3642 629 3731 Christum
638 3655 721 3728 Deo
730 3654 824 3727 Prtri
834 3652 982 3751 regnum
991 3657 1133 3731 tradere
1143 3658 1229 3731 nihii
1239 3660 1335 3735 uliud

271 3777 332 3859 fit,
359 3792 460 3868 qurm
479 3778 603 3875 gloriae
619 3774 785 3869 corporis
803 3774 852 3848 sui
869 3797 937 3850 nos
956 3777 1165 3850 coniormeu
1178 3776 1332 3855 efficere.

375 3890 459 3968 Nec
471 3899 573 3988 latet,
599 3915 662 3968 cur
678 3895 753 3969 hoe
765 3913 915 3990 reguum
930 3895 999 3971 Dei
1010 3906 1136 3978 vocet,
1163 3914 1274 3973 curve
1286 3898 1337 3971 di·

274 4029 350 4110 cat,
375 4014 410 4090 ei
424 4036 445 4089 e
459 4012 598 4091 Christo
613 4017 725 4091 tredi-
766 4011 959 4088 Nemeum
977 4016 1154 4091 eternitas
1166 4019 1236 4093 Dei
1250 4038 1336 4112 pro·

271 4139 353 4235 pria
372 4134 441 4236 fit,
474 4137 551 4231 ejut
565 4137 780 4236 proprietati
794 4155 865 4211 nor
881 4132 1022 4233 subjicit
1040 4135 1222 4233 Christus.
1254 4156 1345 4219 tum

318 4296 320 4301 ·
1206 4274 1331 4351 min„
1399 4328 1403 4339 .
