3317 4900
1146 345 1153 386 l

298 495 347 569 m
437 453 463 498 ’“
636 468 673 549 ἃ
722 449 1116 547 nibla1rl‘

299 639 377 714 haec
392 635 485 711 enim
501 633 538 709 in
555 652 624 708 nos
641 631 1251 728 captoslaniatosquedominantur,
1265 636 1364 714 ‚dum

300 737 476 810 vitiorum
491 733 634 808 suorum
651 745 712 805 aut
727 729 920 822 ministros,-
946 745 1007 804 aut
1019 732 1205 807 consortes
1215 734 1282 809 elle
1292 759 1364 814 nos

225 921 227 928 ,
298 836 458 912 faciunt:
493 835 619 926 quibus
634 853 710 906 non
729 851 854 904 carnes
871 829 1028 932 nostrae,
1045 830 1104 907 sed
1127 834 1270 931 anirnae,
1296 837 1364 921 nist

298 935 403 1010 Deus
420 933 576 1016 innubis
597 930 705 1022 eliet,
730 930 995 1006 manderentur.

392 1045 431 1114 ·8.
459 1034 523 1105 Ait
541 1033 651 1106 enim:
676 1033 799 1104 Anima
815 1031 1012 1128 rrojlraficut
1029 1026 1129 1128 passer
1145 1048 1251 1130 erepta
1266 1033 1307 1131 eli
1327 1037 1364 1108 de

297 1135 408 1233 laqueo
422 1148 622 1205 venatorum.
683 1130 872 1224 Laqueus,
909 1132 968 1222 qui
988 1150 1187 1224 venantur,
1217 1131 1363 1209 occulte

241 1241 243 1250 '
298 1234 334 1309 br
356 1234 521 1308 fallentes
537 1231 782 1325 pretendunt,
810 1246 871 1303 aut
892 1229 1082 1303 absconsos
1098 1234 1273 1327 vallibus,
1300 1251 1361 1308 aut

296 1333 418 1410 herbis
437 1329 640 1423 conteblos,
666 1345 728 1402 aut
742 1330 831 1403 cibis
847 1331 998 1423 oblitos,
1023 1346 1084 1402 aut
1104 1335 1257 1406 nubibus
1273 1355 1361 1408 con·

210 1448 217 1469 s
297 1436 455 1507 colores·
473 1435 489 1472 '·
514 1429 562 1504 Et
576 1431 653 1504 bare
668 1430 810 1521 quidem
829 1428 873 1504 ad
892 1427 1020 1504 bestias
1041 1446 1148 1523 atque
1163 1449 1362 1518 avescete-

296 1553 372 1608 ras:
398 1530 504 1606 nobis
518 1550 612 1605 vero
627 1526 794 1605 adversus
811 1530 1052 1604 animamhaec
1067 1546 1245 1623 parantur.
1297 1531 1362 1607 Est

296 1634 393 1709 enim
408 1630 514 1707 nobis
530 1630 729 1722 laqueusin
750 1629 852 1722 otio,
879 1632 1051 1725 pecunia,
1078 1632 1288 1725 ambitione,
1312 1637 1361 1705 la-

254 1815 256 1820 ,
295 1731 416 1808 scivia.
467 1730 556 1806 Haec
575 1727 869 1822 protenduntur,
899 1729 976 1801 haec
996 1730 1247 1823 blandiuntur,
1281 1734 1361 1807 haee

295 1831 445 1906 fallunt:
477 1828 537 1904 sed
555 1830 597 1901 ab
616 1829 670 1903 bis
692 1828 857 1902 omnibus
877 1829 1046 1901 voluntas
1063 1829 1182 1903 nostra
1199 1830 1250 1905 est
1268 1834 1363 1906 refe·

297 1931 419 2007 rende.
471 1927 648 2003 Omnibus
666 1929 760 2001 enim
773 1927 810 2000 hi
831 1929 949 2019 laquei
965 1929 1126 2020 praetensr
1142 1930 1244 2023 sunt,
1269 1932 1361 2007 ficut

208 2054 216 2066 ·
295 2029 462 2125 scriptum
489 2027 557 2112 est:
595 2026 684 2100 Non
708 2028 801 2100 enim
824 2024 952 2118 injuste
972 2030 1009 2101 in
1026 2041 1121 2101 terra
1137 2033 1363 2124 pretendun-

293 2144 353 2203 tur
371 2130 461 2203 retia
478 2130 617 2202 avibus.
667 2124 826 2199 Perfetia
845 2126 938 2199 eninr
957 2126 1157 2223 gloriaest,
1185 2131 1228 2203 ab
1242 2132 1295 2205 his
1310 2133 1360 2214 la,-

295 2230 418 2324 queis,
445 2229 504 2320 qui
521 2225 682 2321 pretensr
702 2225 803 2319 sunt,
829 2227 991 2301 evolare.

394 2351 428 2424 9.
454 2328 622 2420 Denique
643 2324 796 2399 Psalmos
822 2324 873 2398 ita
895 2326 997 2397 dicit:
1023 2329 1143 2398 Animo
1161 2327 1264 2424 nostra
1276 2328 1359 2418 ficut

289 2426 392 2529 poffer
407 2444 518 2525 erepta
532 2428 572 2524 ιβ
587 2428 622 2497 de
641 2428 747 2524 laqueo
759 2441 969 2498 venatorum:
995 2446 1069 2499 tlon
1083 2427 1206 2518 utique
1221 2451 1358 2504 venan-

293 2532 402 2620 tium,
433 2527 491 2601 sed
511 2548 658 2616 eorum,
685 2527 811 2618 quibus
827 2527 865 2599 in
882 2527 1079 2599 venatione
1097 2528 1183 2600 tenir
1204 2526 1284 2600 sunt
1308 2533 1357 2603 la-

294 2631 387 2721 quei.
452 2626 540 2700 Non
565 2628 679 2717 enim,
719 2646 799 2698 cum
826 2627 902 2716 quis
928 2628 965 2698 in
982 2627 1146 2717 laqueum
1165 2628 1355 2724 inciderit,

293 2745 382 2799 tnnc
400 2724 464 2823 fiet
483 2741 673 2821 peccator:
700 2725 758 2797 seu
775 2746 855 2798 curn
871 2726 1037 2798 omnibus
1054 2727 1265 2820 tendantur,
1292 2731 1354 2802 ille

294 2841 447 2915 tanturn,
474 2827 533 2916 qni
541 2827 612 2916 jam
625 2824 666 2898 srt
678 2841 865 2917 peccator,
891 2827 1067 2916 inlaqueo
1079 2826 1147 2914 est;
1174 2825 1354 2900 ficutscri-

292 2941 394 3020 ptum
421 2923 492 2999 est:
535 2923 674 2997 Oculus
699 2924 925 3012 meretricis,
963 2927 1109 3016 laquens
1137 2929 1352 3020 peccatoris.

290 3023 392 3120 Ergo
410 3046 426 3096 a
441 3024 778 3118 peccatisomnibus
797 3022 1041 3096 abstinendum
1060 3025 1131 3117 est,
1157 3047 1202 3099 ne
1221 3028 1354 3101 incida·

284 3146 370 3200 mus
388 3123 425 3196 in
447 3125 623 3215 laqueum.
686 3121 868 3213 Spiritales
890 3124 983 3195 enim
1007 3121 1144 3214 sumus,
1177 3125 1354 3199 &evola-

290 3245 368 3299 mus
390 3238 430 3296 ut
447 3221 609 3315 polleres.
658 3220 772 3293 Pallet
792 3223 869 3294 avis
892 3221 1109 3315 domestica,
1146 3223 1354 3300 &edificio

290 3324 522 3396 rumincola:
555 3344 630 3394 non
647 3337 916 3403 momentanea,
941 3342 1016 3393 non
1033 3325 1266 3415 temporaria,
1293 3327 1354 3399 sed

289 3422 363 3496 stne
379 3423 715 3511 demutationeulla‚
742 3435 802 3492 aut
811 3424 982 3516 temporis
995 3421 1249 3495 observatione
1265 3446 1354 3499 con-

289 3521 420 3596 sistens.
468 3519 553 3607 Nos
569 3540 655 3617 ergo
673 3520 743 3592 fine
761 3522 993 3595 viciffitudine
1010 3536 1212 3615 temporum
1225 3521 1354 3598 Eccle-

289 3623 369 3695 siam
390 3621 606 3711 incolentes,
633 3619 864 3692 abstineamus
885 3623 1092 3712 apeccatis,
1117 3634 1159 3694 ut
1178 3644 1198 3694 a
1216 3625 1351 3716 laqueis

285 3718 489 3794 evolemus.
553 3719 833 3809 Laqueusenim
868 3742 931 3811 per
957 3720 1070 3792 Deum
1095 3720 1131 3793 in
1153 3743 1222 3795 nos
1251 3725 1347 3795 habi·

289 3832 424 3894 tantem
446 3821 663 3893 conteritur:
690 3819 771 3909 quia
789 3822 838 3890 ita
853 3817 1026 3910 sequitur:
1064 3824 1212 3917 Laqueus
1228 3828 1349 3891 contri·

287 3933 343 3989 tus
361 3920 412 4011 esi,
437 3919 475 3992 (5
487 3946 543 3990 atos
561 3920 689 3990 liberati
700 3921 818 4004 sumus.
871 3924 1074 4012 Adjutorium
1086 3923 1221 4014 nostrum
1239 3927 1274 3989 in
1290 3946 1348 3991 no·

287 4029 373 4088 mine
393 4022 527 4089 Domini
535 4065 547 4099 ,
572 4026 628 4117 qur'
642 4015 844 4109 fecilcoelum
860 4018 899 4094 (ὅ
918 4037 1045 4088 terram.
1105 4019 1189 4092 Hoc
1205 4021 1346 4111 adjuto-

286 4120 343 4191 rio
366 4118 513 4210 laqueus
536 4120 758 4211 conteritur,
773 4117 856 4195 ,hoc
871 4116 1053 4211 adJ'utorio
1072 4121 1263 4194 liberamur
1272 4152 1288 4208 ,·
1310 4123 1348 4197 in

820 4238 827 4245 ·
1180 4240 1297 4296 noun·
