3317 4900
396 459 685 543 Taacanrue
710 477 761 533 rrt
786 419 1229 535 existirendem
1279 402 1353 558 233

509 616 876 710 ‚ueneratus
907 616 1131 695 rsnuntr.
1350 564 1353 568 ¹

292 845 326 906 ι.
405 821 521 899 thuic
545 820 691 912 quoque
716 813 854 892 Psalmo
878 817 1074 895 addendam
1095 816 1190 894 hanc
1205 811 1354 917 Septun-

386 941 405 998 l
432 926 529 1021 ginta
555 917 889 1013 superscriptionem
908 927 1172 1013 putaverunt:
1212 922 1354 1009 Psalmo

290 1028 409 1099 David
428 1031 465 1093 tn
483 1020 625 1103 Goliam
657 1037 749 1091 cum¹
762 1035 880 1109 neque
894 1018 932 1092 in
947 1018 1122 1093 hebraicis
1138 1019 1236 1096 libris
1249 1039 1354 1115 repe·

290 1129 424 1214 riatur,
450 1140 566 1212 neque
583 1119 816 1210 translatores
833 1117 891 1190 elii
908 1118 1097 1210 quidquam
1113 1118 1221 1212 aliud,
1247 1139 1354 1210 quant

290 1214 925 1318 simplicemtitulumpresumpserint,
944 1218 980 1289 id
989 1216 1056 1291 est:
1084 1219 1207 1291 Dauid.
1237 1218 1353 1320 Quod

291 1341 369 1399 noo
391 1325 465 1399 sine·
478 1318 623 1413 spiritali
640 1318 782 1394 ratione
796 1314 962 1393 effedum
977 1314 1082 1392 fuisse
1100 1316 1223 1394 Psalmi
1244 1318 1351 1412 ipdua

293 1437 398 1497 textu
412 1422 584 1495 docetur:
611 1418 770 1508 nihilque
785 1415 845 1488 hie
857 1413 1010 1492 Psalmue
1026 1419 1211 1514 proprium
1226 1417 1358 1513 habet,-

294 1522 392 1616 quod
418 1521 462 1594 ad
485 1517 761 1616 gratulationem
784 1516 936 1607 peremti
952 1513 1070 1592 Golia
1086 1516 1362 1612 poffitreferti„

292 1643 373 1698 cunr
392 1619 502 1716 magis
519 1617 592 1712 illic
610 1616 643 1688 dt
660 1612 790 1711 gestit,
824 1612 1031 1708 &tempori
1043 1620 1156 1693 multa
1171 1617 1354 1693 contraria

291 1722 370 1799 fint.
427 1717 518 1793 Cum
535 1716 628 1803 enirn
648 1715 796 1788 dicitur:
829 1713 1161 1815 Suljieimspegulum
1179 1730 1279 1791 meam
1292 1716 1353 1808 sei
1425 1756 1428 1770 ι

292 1827 360 1909 tite,¹
391 1816 562 1910 numquid
582 1816 658 1889 tum
681 1810 805 1886 David
820 1831 885 1886 rex
906 1810 1011 1886 erati
1049 1829 1110 1888 aut
1124 1819 1200 1908 quia
1221 1831 1298 1893 tum
1317 1816 1353 1891 ei

293 1922 452 2019 populus
468 1912 719 2008 subiecturus,
745 1911 770 1986 ii
787 1911 1055 2008 allophylorum
1067 1933 1143 1988 noo
1154 1929 1231 1989 erat
1242 1913 1354 1991 suuni

293 2021 367 2093 Sed
389 2037 437 2089 ne
452 2014 524 2106 ipse
543 2014 684 2106 quidem
699 2014 825 2085 lucaei:
849 2011 1064 2108 Saudadhuc
1076 2029 1262 2111 regnante,
1287 2036 1356 2110 po·

295 2129 393 2191 terat
409 2112 478 2187 effe
491 2110 675 2204 subiedtua.
725 2110 867 2186 Deinde
881 2111 1031 2186 &illude
1058 2117 1207 2202 Domine,
1231 2117 1356 2190 incline

294 2218 381 2291 culos
397 2232 487 2302 tues,
503 2213 551 2290 U
566 2211 725 2301 descend,-
750 2225 843 2304 tange
858 2227 987 2302 monto,
1011 2210 1051 2292 U
1058 2213 1285 2310 fumigatam
1309 2221 1359 2286 cd·

293 2317 384 2407 rusca
402 2316 642 2397 coruscationes,
678 2307 717 2387 (s
730 2306 892 2406 drffipaiis
905 2335 974 2402 eos,
998 2331 1076 2406 que
1094 2311 1165 2389 eise
1180 2314 1357 2411 intellige·

259 2486 263 2493 .
292 2432 356 2492 tur
369 2417 422 2492 ob
438 2413 581 2490 humani
602 2409 687 2487 belli
703 2422 845 2505 tempor
864 2408 1012 2487 oratio?
1039 2410 1213 2491 Aureum
1230 2411 1357 2489 secun·

293 2518 378 2592 dum
399 2518 542 2590 titulum
563 2510 673 2585 Golia
685 2507 773 2585 elset
788 2509 948 2607 occisus,
973 2512 1058 2605 quid
1070 2512 1139 2590 sibi·
1157 2515 1212 2589 ho
1228 2532 1355 2609 precer

292 2617 449 2689 volunt:
489 2614 588 2709 Eripe
606 2634 671 2697 me,
707 2610 747 2688 σ
762 2609 863 2683 sidera
879 2634 926 2683 me
940 2613 976 2684 dt
992 2615 1084 2711 aquit
1098 2614 1226 2694 multis,
1259 2616 1300 2691 ὅ
1317 2614 1355 2687 de

295 2738 395 2786 manu
404 2715 550 2804 filiorum
570 2702 769 2782 alienorum?
791 2706 870 2782 Aut
886 2728 966 2787 cum
978 2730 1044 2787 rex
1057 2726 1197 2789 tantun
1212 2733 1305 2789 unus
1315 2714 1355 2791 in

293 2814 406 2891 lsrael
423 2806 529 2899 eiset3
555 2810 639 2904 quid
660 2803 712 2883 est
724 2806 837 2899 istud,
863 2809 963 2901 quod
980 2808 1128 2889 dicitur:
1152 2814 1225 2907 Qui
1238 2815 1356 2905 darsu-

291 2917 392 2988 lurem
416 2906 559 3006 regibus?
597 2908 779 2985 Numerus
800 2908 1254 3011 pluriumintelllgentiatn
1276 2915 1354 3008 ejua

292 3012 497 3106 temporit,
537 3027 612 3102 quo
639 3026 731 3083 unus
757 3021 898 3085 tantum
923 3009 1144 3106 habebatur,
1181 3014 1355 3090 excludit.

290 3111 363 3186 Sed
384 3128 465 3185 cunr
487 3126 557 3183 nee
575 3110 611 3181 in
631 3107 780 3182 hebreis
800 3109 898 3181 librit
914 3109 964 3181 ita
986 3108 1047 3198 ut,
1076 3128 1196 3204 neque
1209 3114 1356 3186 tranala·

289 3226 393 3285 tores
421 3209 534 3284 ceteri
557 3208 687 3281 horum
714 3207 846 3298 aliquid
863 3206 1088 3298 addiderint3
1125 3213 1355 3382 intellig'mun

289 3312 512 3405 septuaginta
532 3308 601 3380 hos
617 3304 774 3379 seniores
790 3301 924 3385 sensum
938 3308 1045 3383 nobie
1064 3308 1225 3405 spiritalia
1259 3311 1355 3385 cieo·

292 3411 354 3481 tia
374 3405 571 3499 reliquiise3
603 3420 645 3478 ut
665 3409 703 3478 in
721 3404 844 3479 David
861 3404 898 3477 dt
916 3402 1025 3480 Golia
1044 3410 1176 3485 bellum
1195 3404 1356 3507 prefigu-

294 3520 411 3581 ratum
427 3504 497 3580 elle
515 3503 643 3579 satane
659 3503 881 3596 Domioique
892 3504 1078 3598 sciremua;
1114 3528 1196 3583 curn
1209 3503 1355 3601 quando

293 3625 416 3698 neque
428 3600 676 3700 superscriptio
695 3617 836 3677 extaret
849 3606 886 3677 in
902 3605 1024 3705 librit,
1048 3624 1166 3702 neque
1178 3612 1285 3683 rebua
1296 3628 1356 3706 ge·

290 3701 935 3799 stitprophetiaesermoconcineret.
1269 3752 1276 3767 ·

400 3824 433 3879 α.
458 3800 579 3877 Affert
607 3806 960 3899 autem'plerurnque
977 3803 1087 3881 nobit
1109 3800 1355 3885 difficultatem

290 3902 538 4000 intelligentie
553 3905 647 3976 ratio
663 3902 868 3996 latinitatis,
905 3902 1203 3996 quodomnium
1217 3922 1355 3998 prono-

291 4009 390 4080 mina
420 4019 498 4075 non
531 3999 583 4074 est
610 3998 713 4075 solita
737 4020 975 4095 preponere:
1011 4014 1058 4075 ut
1080 4003 1117 4075 in
1142 4001 1264 4083 David
1287 4024 1365 4079 no·-

290 4105 390 4190 nine
412 4100 582 4193 accidit„
617 4096 783 4178 Casama
796 4100 1144 4201 adimpletorum,
1175 4105 1357 4183 incertum

1238 4200 1393 4318 eut„
