3317 4900
348 497 403 554 nx
582 457 1184 572 sumunt-custecourn.

345 707 351 716 .
453 635 502 712 Et
515 653 608 712 vero
625 637 720 713 uliud
735 640 884 716 omniuo
903 639 1020 736 sonat,
1047 645 1145 736 quod
1158 667 1188 718 e.
1201 645 1420 737 5.inMatli.

275 771 279 778 '
317 771 319 778 ’
349 763 387 857 ς.
408 758 616 836 inscribit:
642 757 714 851 „Si
729 760 895 856 gentibus
907 762 1045 836 idcirco
1059 763 1264 863 indulgetur
1278 774 1420 848 aeterni.

355 878 1129 976 tas,utmuxignijudiciidestinentur.·.‘dac.
1160 871 1419 964 Dumenimle·

274 1050 277 1056 -
352 1004 478 1100 gimus,
504 999 719 1074 reddendam
733 998 937 1076 infidelibus
951 1020 1117 1077 eternam
1128 1025 1326 1099 corporum
1339 1006 1417 1084 sub·

351 1121 536 1214 stantiam,
571 1140 647 1194 neu
669 1134 711 1191 ut
726 1121 906 1194 continuo
922 1123 1088 1214 ardeant,
1124 1124 1182 1198 sed
1202 1141 1243 1198 ut
1254 1147 1343 1201 mox
1357 1128 1417 1202 de·

348 1239 528 1328 stiuentur
552 1240 645 1336 igni,
682 1240 845 1316 nondum
864 1242 1009 1326 aretam,
1048 1241 1106 1317 sed
1125 1266 1212 1320 mox
1229 1244 1417 1325 dicendam

347 1362 578 1458 intelligimus
593 1358 801 1436 sententiam
817 1360 968 1455 supremi
978 1365 1127 1457 iudicia,
1152 1365 1417 1460 quamriusuper

344 1485 458 1566 notat
481 1484 633 1555 verbum
656 1480 891 1572 subsequens,
928 1503 1002 1576 quo
1025 1504 1089 1557 eos
1112 1505 1189 1556 nou
1213 1485 1418 1582 sinpliciter

346 1602 444 1700 igni,
471 1601 529 1675 sad
547 1603 738 1700 ignijuditii
752 1602 948 1676 tradendos
971 1601 1040 1677 ess'e
1058 1591 1268 1680 declaratur.
1404 1655 1407 1660 -

343 1783 350 1794 .
452 1722 535 1797 Huc
554 1723 654 1814 facit,
680 1721 777 1814 quud
793 1723 830 1795 in
846 1722 898 1804 Ps.
918 1746 949 1799 a.
968 1720 1000 1818 §-
1015 1748 1075 1816 44.
1091 1723 1269 1816 infideles,
1293 1724 1417 1818 impra-

344 1843 579 1936 nitentesque
598 1844 742 1939 Judaeos
763 1862 782 1914 a
797 1841 972 1916 Ninivitis
990 1844 1158 1940 &regina
1176 1844 1318 1938 Austri,
1356 1869 1418 1944 ge-

345 1965 614 2056 neratimquea
635 1963 769 2038 Sautlis
793 1961 1004 2039 criminosos
1028 1967 1413 2060 quosquejudicaudoe

350 2084 485 2160 asserit.

386 2263 388 2270 .
452 2206 550 2303 Quid
564 2203 671 2301 igitur
688 2204 749 2279 sibi
764 2204 868 2296 vult,
895 2207 994 2297 quod
1015 2208 1180 2281 toralias
1199 2207 1412 2300 judicandos

348 2325 481 2424 negati
510 2323 564 2397 Ut
580 2325 656 2399 hac
672 2339 960 2419 componantur,
986 2326 1108 2399 verbi:
1128 2330 1254 2424 judico.-
1277 2328 1412 2421 duplex

347 2451 409 2522 vis·
421 2445 472 2521 est
488 2444 741 2544 distinguenda.
803 2445 896 2520 Nam
917 2445 1123 2520 cunradum
1137 2449 1266 2540 judicis
1282 2446 1410 2543 sonet,

255 2610 260 2627 ι
346 2567 495 2664 spetlari
509 2582 629 2642 tamen
646 2566 767 2662 potest
777 2567 909 2662 Judex,
931 2566 1410 2661 aututsenteutiamdiceus,

338 2703 411 2783 ,aut
430 2701 472 2760 ut
488 2708 549 2780 ea,
574 2687 760 2780 dequibus
780 2687 991 2763 sententiam
1010 2684 1165 2759 didiurue
1181 2685 1254 2778 est,
1281 2689 1411 2761 exami-

348 2830 450 2885 nans.
499 2810 536 2883 si
551 2810 674 2902 priore
689 2808 788 2883 sensu
809 2808 883 2881 hoc
909 2809 1060 2882 verbum
1080 2808 1253 2901 accipias,
1278 2807 1411 2883 fatetur

346 2928 504 3005 Hilarius
517 2980 535 3022 ,·
567 2931 696 3022 impios
714 2926 950 3022 iudicandos:
985 2926 1253 3019 fiposteriore,
1290 2942 1409 3024 negat.

347 3046 386 3123 Si
408 3050 502 3122 hauc
524 3048 783 3123 distinctionem
809 3048 1004 3141 respueris,
1038 3051 1188 3124 eandem
1212 3050 1411 3123 verborum

340 3189 502 3269 pugnarn
518 3191 593 3246 nou
609 3171 721 3245 modo
742 3168 943 3243 indiversus
964 3171 1056 3273 locis
1076 3169 1262 3261 offendes,
1296 3167 1353 3240 sed
1376 3168 1411 3241 dt

336 3289 385 3367 in
407 3290 481 3364 hot
502 3288 579 3384 ipso
601 3291 662 3365 lib.
683 3297 717 3367 6.
732 3292 777 3366 de
791 3289 923 3365 Triuit.
945 3287 977 3379 u.
999 3311 1029 3365 1.
1055 3344 1082 3382 „
1092 3290 1317 3386 judicaturus
1335 3286 1410 3380 ipse

346 3410 394 3484 de
412 3413 597 3502 omnibus,
624 3412 741 3504 &pro
758 3411 945 3503 majestatie
961 3388 1028 3483 luae
1045 3409 1282 3484 misericordia
1294 3430 1410 3504 poenae

342 3533 509 3607 meritum
529 3535 709 3628 ignoranti
732 3533 984 3608 moderaturus
1007 3531 1147 3622 errori,
1179 3543 1350 3623 negantes
1375 3527 1411 3603 se

346 3669 424 3725 uon
434 3652 609 3746 judicabit
629 3655 766 3745 utique,
793 3653 853 3727 sed
867 3654 1021 3749 negabit.
1032 3651 1059 3693 ‘⁶
1105 3648 1419 3729 Nautsecundutu,

346 3773 425 3847 haec
448 3782 605 3847 Dumium
619 3778 823 3872 judicaturus
838 3779 874 3847 de
892 3773 1048 3859 omnibus,
1081 3791 1201 3863 neque
1221 3784 1340 3845 tamen
1360 3770 1405 3843 de

346 3895 512 3968 omuibus
529 3895 580 3971 est
589 3897 833 3990 judicaturus,
854 3898 906 3985 sed
926 3897 1118 3988 argenteria
1132 3893 1375 3990 nonjudicabir.

447 4012 520 4087 Cur
537 4036 655 4095 autern
676 4025 756 4117 pios
780 4020 957 4109 &impios
972 4037 1047 4090 non
1060 4015 1273 4107 judicandos
1284 4016 1407 4107 priore

341 4138 527 4215 intellectu
542 4143 687 4240 dixerit,
712 4142 784 4239 ipse
797 4143 834 4218 in
847 4140 898 4216 Ps.
912 4161 941 4213 1.
960 4145 992 4235 s.
1008 4159 1063 4235 17.
1079 4138 1253 4213 declarat:
1278 4135 1409 4268 „Quid

1262 4274 1361 4327 uultu
