3317 4900
317 481 603 561 Traerarus
626 499 676 558 rsa
693 409 1211 562 CXllXVlII.Psasnon.
1263 507 1335 581 205

270 639 510 744 eleemoiynis
531 641 680 736 inopum
697 640 860 718 mortuus
875 640 1049 736 redditur,
1076 643 1158 720 dum
1170 642 1334 740 perfecti.¹

267 763 374 828 tores
393 743 486 820 fiunt
502 745 775 836 predicatores,
802 742 885 816 dum
901 743 1080 818 dissolutis
1101 750 1236 820 catenis
1249 773 1333 828 can.

268 855 370 926 tatur
387 849 425 920 in
444 865 602 936 carcere,
629 844 711 918 dum
726 844 763 915 in
781 842 954 935 martyrio
969 865 989 916 a
1005 842 1170 937 Martyre
1186 843 1332 928 videtur¹

267 949 309 1024 in
326 948 442 1022 coelis:
470 946 552 1017 dum
568 942 749 1036 postremo
763 943 801 1015 in
817 963 879 1034 eo,
907 964 980 1035 quo
992 945 1153 1018 elevatus
1164 945 1227 1038 est‚'
1252 971 1335 1025 cor.

266 1068 402 1144 porea
423 1046 558 1118 dextris
574 1043 648 1116 Dei
662 1041 781 1140 sedet,
804 1042 904 1137 cujus
921 1044 959 1117 in
974 1046 1088 1142 gloria
1103 1044 1137 1119 ἃ
1152 1053 1332 1148 manebat,

269 1149 518 1244 &permanet

348 1294 350 1297 -
379 1256 434 1327 28.
458 1243 614 1319 Omnem
631 1254 749 1318 autem
767 1263 870 1338 eam,
905 1263 975 1338 qua
990 1245 1197 1320 terribiliter
1214 1246 1334 1324 mirili-

274 1359 379 1422 catus
399 1343 467 1434 est,
504 1344 710 1440 dignitatem
735 1344 778 1415 ad
796 1363 889 1436 opus
907 1345 983 1437 ejus
1006 1346 1140 1441 refert,
1177 1350 1276 1442 cujus
1298 1350 1334 1424 bt

270 1447 394 1546 paruit
409 1446 614 1528 voluntati,
647 1444 788 1517 dicens:
827 1448 924 1516 Mira
944 1465 1034 1539 opera
1055 1463 1130 1531 trra,
1162 1449 1202 1525 σ
1223 1455 1334 1522 anima

272 1571 342 1622 arra
366 1552 460 1618 rrrvit
479 1547 582 1616 valle.
634 1542 747 1637 Quod
767 1543 882 1635 enirn,
908 1544 1044 1640 inquit,
1068 1548 1258 1620 terribiliter
1274 1554 1337 1619 mi.

273 1645 506 1742 nsscarrirsm
533 1640 806 1737 opustuunrest.
852 1638 1337 1724 Eademautemoinlivan·

273 1748 387 1846 geliis²
399 1747 493 1817 ratio
512 1743 651 1815 servata
669 1739 733 1833 est,
759 1753 814 1832 ut,
841 1761 922 1817 cum
938 1737 982 1816 aii
996 1744 1337 1829 demonstrationem

271 1847 423 1922 virtutis
441 1841 507 1918 suae
526 1843 675 1916 dixerit:
702 1841 947 1937 Quocumque
965 1841 1069 1917 Pater
1083 1845 1184 1939 facit,
1210 1849 1335 1926 eadem

276 1945 438 2024 &Filius
464 1941 550 2016 facit
567 1941 743 2029 fimiliter3
776 1939 979 2016 &rursuma
1011 1940 1111 2016 Sicut
1123 1945 1227 2019 Pater
1243 1949 1337 2023 vivi·

275 2043 365 2124 sicat
381 2053 562 2134 mortuos,
586 2039 826 2134 nesciinus,
850 2061 943 2134 quos
961 2042 1054 2134 vult,
1080 2041 1260 2120 vivificat:
1284 2060 1338 2124 ta·

274 2167 360 2224 men
375 2144 584 2242 dignitatern
599 2160 749 2236 operum
769 2142 928 2214 omniurn
939 2140 1034 2214 Patri
1047 2141 1226 2238 deferens,
1253 2167 1336 2224 cunr

275 2247 393 2324 dicat:
429 2239 517 2316 Non
539 2238 659 2334 potest
677 2237 797 2312 facere
813 2237 922 2315 Filius
944 2263 963 2314 a
985 2239 1020 2316 se
1035 2243 1243 2336 quidquam,
1274 2245 1341 2324 nib

274 2346 378 2442 quod
401 2343 532 2416 viderit
562 2340 700 2414 Patrem
727 2338 936 2427 facientem3
972 2341 1208 2419 contestatam
1230 2343 1275 2419 de
1301 2343 1340 2420 se

273 2443 513 2547 potestatem,
540 2462 603 2535 per
618 2439 833 2514 reverentie
848 2438 1042 2535 honorem,
1069 2445 1115 2537 ei,
1143 2445 1200 2518 cui
1219 2446 1339 2523 omnis

273 2546 508 2625 meminerat,
541 2537 749 2615 confitenda
769 2538 940 2631 subiecit3
972 2542 1134 2619 nonsibi
1157 2544 1336 2639 adimens,

276 2646 377 2741 qnod
404 2642 522 2717 nmilia
537 2641 632 2713 Patri
656 2636 792 2733 poffet,
825 2637 884 2713 sed
902 2660 1003 2736 eum,
1038 2662 1226 2737 perquem
1249 2644 1339 2721 sinri-

275 2746 322 2821 lia
341 2740 482 2839 pollet,
516 2739 718 2816 ostendens.
770 2738 859 2813 Haec
874 2739 1003 2835 igitur,
1031 2744 1158 2835 quibus
1175 2744 1338 2819 terribili

273 2858 331 2921 ter
356 2838 563 2919 mirificatus
586 2838 659 2922 est,
690 2841 800 2931 licet,
833 2839 915 2931 quia
931 2843 1071 2935 potuit,
1103 2844 1247 2919 virtutis
1269 2844 1338 2919 sue

274 2946 435 3035 luerint,
472 2954 590 3015 tamen
610 2938 722 3012 Patris
747 2942 917 3032 operibus
938 2939 1104 3015 universa
1126 2963 1168 3017 ea
1183 2945 1334 3039 detulit,
1427 2950 1434 2960 '

277 3046 423 3121 dicens:
453 3046 545 3112 Mira
559 3061 647 3137 opera
662 3056 728 3126 tua,
751 3038 790 3116 U
805 3044 989 3131 animamea
1002 3044 1213 3116 novilvalrla.
1262 3044 1340 3118 ilua

275 3164 390 3223 manae
406 3138 621 3215 infirmitatis
637 3160 714 3213 vox
731 3137 793 3213 ista
806 3160 883 3214 non
900 3139 964 3234 est,
989 3156 1031 3213 ut
1043 3142 1131 3216 mira
1140 3163 1252 3239 opera
1266 3143 1340 3215 Dei

276 3244 387 3318 valde
411 3240 446 3316 se
465 3239 564 3314 nosse
584 3237 703 3330 jaiiet.
764 3236 841 3311 Soli
860 3241 935 3313 hoe
957 3242 1152 3334 competit,
1191 3244 1251 3337 qui
1268 3242 1340 3317 aits

275 3342 402 3421 Nemo
425 3342 534 3415 novit
554 3338 694 3414 Patrem
722 3338 783 3412 nisr
801 3336 923 3415 Filius.
980 3336 1103 3414 Novit
1119 3346 1233 3434 enirn,
1260 3360 1338 3415 non

276 3458 496 3535 utcumque,
523 3460 599 3513 non
616 3441 767 3512 leviter:
792 3438 901 3511 novit
917 3454 1034 3515 autem
1054 3442 1157 3529 valde,
1182 3434 1339 3539 peream

278 3540 468 3635 fiduciam,
500 3561 568 3633 qua
587 3540 692 3614 dicit:
727 3536 830 3611 Pater
847 3538 884 3613 in
906 3560 984 3631 me,
1022 3540 1056 3614 or
1082 3563 1102 3616 e
1127 3541 1206 3614 oin
1221 3537 1339 3623 Patrei

277 3642 324 3721 ln
345 3660 392 3715 eo
408 3642 524 3731 enim,
550 3640 649 3731 quod
672 3638 721 3711 ait
741 3638 850 3730 valle,
882 3640 1076 3735 perfeiiam
1090 3563 1273 3715 ferentino
1286 3639 1341 3715 in·

275 3744 377 3819 dmm
395 3737 614 3839 cognitionis
633 3737 808 3814 ostendit·
1328 3756 1337 3783 ··

384 3864 440 3937 ²9·
467 3840 515 3912 Et
534 3842 614 3932 quia
639 3839 758 3912 omnia
779 3837 867 3921 mira
883 3858 995 3933 opera
1014 3839 1083 3915 Dei
1099 3836 1207 3912 valde
1225 3838 1341 3915 anima

276 3940 386 4039 lolius
414 3940 543 4022 novit,
578 3939 816 4014 eruditionem
844 3938 1012 4015 doilrinae
1033 3942 1070 4012 in
1091 3956 1160 4013 nos
1182 3936 1248 4012 suae
1265 3950 1342 4015 mei

277 4054 423 4132 morat,
448 4041 530 4132 quia
548 4038 654 4112 nobis
673 4038 834 4133 paterne
848 4039 1071 4133 operationis
1086 4039 1156 4133 jam
1177 4060 1253 4114 non
1273 4039 1342 4112 srnt

281 4138 660 4237 occultatamysteria,
685 4137 828 4218 dicens:
852 4136 1344 4241 qulrrralratrmrmraa
