3317 4900
372 445 734 555 'aetermam
757 473 946 552 cxxvi.
970 465 1209 558 noanon.
1288 487 1332 578 83

321 631 326 642 ’
367 661 424 718 to.
453 637 579 732 Atque
598 653 639 712 ut
661 639 697 711 id
724 659 769 711 ex
792 638 846 711 his
871 636 998 712 ditium
1024 640 1173 738 intelligi
1189 638 1330 738 posset,

266 763 360 837 quos
386 742 487 831 Deus
509 742 553 812 de
574 735 799 812 excussorum
824 737 904 811 filiis
929 740 971 811 ad
992 740 1187 815 dotlrinam
1211 743 1329 818 salutis

263 844 380 919 modo
406 841 587 914 emitteret
608 837 829 936 sagittarum,
864 840 899 910 id
921 843 1153 915 consecutum
1173 843 1330 918 inditiis

266 944 338 1017 est:
378 943 498 1014 Beatus
519 943 592 1025 vir,
628 943 685 1037 qui
708 941 852 1035 implavit
872 940 1050 1035 defiderium
1064 944 1160 1031 suum
1183 968 1221 1011 tx
1238 943 1327 1038 ipsss3

265 1068 336 1113 non
357 1042 613 1133 confundentur,
646 1065 712 1111 cum
732 1042 901 1137 loquentur
926 1045 1061 1109 mimicis
1075 1042 1145 1129 suit
1168 1047 1204 1110 in
1222 1062 1326 1138 porra.

266 1133 402 1215 Beatus
421 1161 507 1235 ergo
523 1142 582 1214 ille
599 1139 669 1231 est,
697 1141 816 1231 quiex
834 1138 911 1233 ipsis
929 1140 1135 1213 defideriom
1155 1138 1251 1213 suurn
1263 1163 1328 1234 po·

267 1243 381 1314 tuerit
394 1241 557 1335 implere,
585 1242 620 1312 id
636 1239 699 1331 est,
726 1242 785 1313 vel
806 1240 850 1312 de
868 1238 1014 1335 sagittis,
1041 1242 1100 1311 vel
1117 1237 1253 1313 defiliis
1269 1264 1329 1314 ex·

268 1336 466 1429 callorum3
494 1339 781 1413 desiderabilibus
805 1340 839 1411 se
860 1339 993 1412 scilicet
1015 1338 1183 1412 dotlrinae
1205 1342 1328 1415 verbis

265 1442 428 1533 replere,
464 1438 498 1511 dt
522 1439 566 1511 de
581 1438 779 1530 praedicatis
799 1437 968 1511 frutlibos
986 1438 1190 1514 fututorum
1210 1440 1328 1515 bono·
1430 1479 1433 1488 ·

265 1561 366 1626 rom,
402 1535 684 1633 exspetiatisque
705 1535 839 1611 satiare.
903 1539 1024 1630 Atque
1042 1556 1083 1611 ut
1105 1540 1174 1613 hos
1189 1561 1234 1612 ex
1257 1540 1328 1614 Dei

264 1638 430 1713 dotirina
456 1636 695 1711 aedificatores
722 1635 926 1727 esseillius,
964 1659 1064 1729 quam
1080 1638 1237 1734 superius
1256 1650 1328 1735 me·

266 1741 440 1830 moravit,
466 1739 622 1812 civitatis
639 1737 865 1821 ostenderem
891 1736 1027 1809 idcirco
1046 1740 1244 1812 itaclausrt:
1274 1744 1329 1812 Ex

269 1838 669 1937 ipfisnonconfuadeotur,
693 1861 763 1907 cum
775 1837 1212 1932 loquenturinimicissuisin
1221 1859 1326 1936 porto.

268 1940 383 2040 Quod
407 1939 476 2029 ait,
514 1962 552 2008 ex
574 1938 658 2032 ipfis,
696 1937 770 2011 sive
785 1936 828 2008 ad
851 1937 994 2008 beatum
1015 1937 1130 2009 virum
1150 1942 1327 2029 pertinet,

264 2035 552 2130 pudendorum
579 2035 675 2109 suum
694 2036 859 2130 implevit
876 2057 920 2107 ert
940 2034 1037 2127 ipsis:
1073 2035 1131 2107 vel
1148 2038 1225 2128 ipsis
1246 2039 1333 2114 filiis

271 2134 499 2211 excussorum
522 2134 591 2207 erit
618 2140 826 2228 proprium,
865 2137 946 2225 quia
976 2156 1020 2207 ex
1044 2134 1122 2229 ipsis
1141 2155 1215 2208 non
1241 2159 1328 2220 con·

241 2259 251 2282 ,
267 2235 485 2326 fundantur,
512 2255 591 2307 cum
608 2236 644 2306 in
661 2251 768 2326 porta
781 2236 931 2307 inimicis
948 2231 1013 2307 suis
1037 2235 1241 2326 loquantur.

373 2357 429 2409 21.
458 2331 589 2426 Neque
606 2336 805 2429 ambiguum
821 2332 890 2425 est,
926 2335 984 2424 qui
1004 2337 1038 2405 in
1055 2352 1160 2429 porta
1178 2338 1329 2426 loquen-

268 2451 328 2509 tur
347 2431 527 2508 aedificatae
546 2454 611 2528 per
631 2434 920 2527 praedicationem
944 2433 1037 2507 suam
1062 2457 1080 2505 a
1099 2434 1260 2509 Domino
1284 2439 1331 2509 ci·

267 2536 408 2627 vitatis,
473 2534 703 2608 Meminimus
731 2547 847 2606 autem
880 2530 1015 2607 Psalmo
1043 2535 1158 2607 altero
1182 2535 1332 2611 ditium:

271 2635 346 2732 Qui
363 2633 495 2707 exaltas
508 2656 566 2708 me
578 2634 622 2706 de
638 2633 904 2724 portismortis,
931 2649 971 2704 ut
984 2635 1188 2707 annuntiem
1204 2656 1330 2710 omnes

269 2731 393 2806 laudes
413 2745 492 2806 tuas
509 2734 548 2804 in
564 2734 679 2826 portis
699 2726 780 2803 filiae
796 2729 895 2806 Sion.
950 2730 997 2803 Et
1019 2734 1078 2806 hic
1098 2734 1237 2824 quidem
1254 2738 1331 2828 plu·

268 2853 328 2906 res
353 2845 469 2924 porta
489 2826 588 2925 sunt,
625 2834 661 2904 in
682 2829 1005 2922 quibus-Propheta
1028 2826 1179 2925 apbrtis
1202 2837 1331 2908 mortis

269 2932 447 3007 exaltatus
458 2951 583 3004 omnes
597 2930 798 3004 Deilaudes
809 2931 994 3022 praedicat:
1021 2931 1332 3009 sedicimusunam

269 3029 340 3105 esse
361 3048 504 3125 portam
521 3032 672 3126 regiam,
706 3030 942 3122 dominicam,
975 3030 1171 3125 coelestem,
1199 3035 1332 3126 deque
1422 3080 1428 3095 -=

271 3130 400 3205 ditium
424 3129 493 3205 est:
529 3128 616 3203 Hac
639 3128 691 3204 est
713 3147 821 3224 porta
843 3131 1010 3222 Domini,
1045 3129 1125 3224 justi
1146 3133 1333 3206 intrabunt

271 3250 337 3326 per
356 3252 445 3305 eam.
504 3226 648 3304 Etcum
667 3251 744 3302 non
763 3227 1033 3302 confundentur
1052 3232 1086 3303 hi
1107 3232 1332 3305 excussorum

271 3327 335 3403 filii
356 3333 391 3405 in
413 3343 521 3423 porta
534 3330 684 3402 inimicis
705 3325 772 3400 suis
791 3325 1004 3419 loquentes,
1030 3328 1169 3404 necesse
1191 3331 1264 3424 est,
1291 3345 1333 3403 ut

270 3429 327 3504 his
357 3430 508 3504 inimicis
534 3426 601 3501 suis
628 3430 821 3520 loquentes
847 3449 921 3502 non
949 3427 1237 3522 confundantur,
1272 3430 1332 3519 qui

272 3549 355 3600 cum
366 3528 463 3620 justis
477 3548 554 3601 non
567 3529 800 3602 merebuntur
812 3526 963 3614 intrare3
991 3536 1252 3622 exprobrantes
1265 3530 1333 3602 illis

271 3628 491 3714 impietatem
505 3631 541 3700 in
560 3627 677 3700 Deum
688 3627 704 3718 ',
729 3628 1009 3700 inobedientiam
1025 3632 1062 3701 in
1079 3630 1332 3721 predicantes,
1388 3630 1394 3637 “

270 3719 519 3801 infidelitatem
535 3729 571 3799 in
591 3742 724 3800 aeterna
740 3725 930 3819 promissa,
959 3727 1042 3800 odia
1054 3728 1092 3801 'in
1106 3727 1334 3821 innocentes,

272 3828 311 3902 dt
336 3827 373 3900 in
398 3825 470 3920 ipsa
487 3824 651 3900 Ecclesiae
675 3827 834 3900 membra
855 3825 1042 3900 sevitiam:
1075 3826 1135 3918 ipsr
1153 3818 1335 3903 confiden·
1402 3890 1405 3897 .

272 3943 353 4018 tes,
377 3926 415 4001 dt
432 3924 527 3997 nulla
544 3921 627 3998 fidei
647 3925 771 3998 sue-ac
786 3927 967 4021 religionis
986 3926 1214 4019 ambiguitate
1228 3929 1336 4017 trepi-

234 4044 239 4052 ·
273 4029 421 4119 dantes,
455 4023 512 4097 sed
535 4025 602 4097 hos
619 4025 784 4098 inimicos
804 4021 885 4096 suos
900 4027 942 4097 ab
962 4024 1037 4116 ejus
1054 4024 1151 4098 adito
1170 4022 1337 4123 ingressu·

275 4147 346 4222 que
363 4126 625 4226 prohibentes,
661 4126 721 4220 qui
743 4126 809 4197 ait:
847 4123 968 4199 Nemo
989 4123 1090 4199 vadit
1111 4124 1155 4202 td
1173 4124 1342 4215 Patrem,

767 4219 938 4301 sn.
1236 4223 1361 4333 nib¹
