3317 4900
365 463 369 488 ,
467 397 846 480 Couneurnarur
881 419 931 478 nt
966 400 1231 482 Marenen.
1307 428 1375 504 ³91

309 559 343 646 b
364 562 424 658 qui
440 560 558 636 secum
574 581 650 634 non
669 574 886 660 congregat,
911 561 1103 660 dispergat.
1153 560 1210 639 Ex
1223 551 1372 658 'quoin

304 665 422 760 gentis
447 663 597 754 periculi
620 681 677 734 res
701 663 931 758 intelligitur,
962 663 1054 737 male
1071 664 1117 738 de
1138 683 1186 737 eo
1203 668 1373 758 opinari','

307 783 390 836 cum
411 782 485 853 quo
503 782 580 834 non
600 759 670 836 effe
689 761 836 854 idipsum
856 761 924 848 est,
951 761 1050 856 quod
1069 777 1198 839 contre
1216 763 1307 856 eile3
1333 765 1369 842 dt

301 881 381 940 uon
401 881 640 959 congregare,
664 862 868 958 dispergere
887 862 938 935 srt.

410 984 464 1054 17.
496 967 596 1034 Omns
605 978 766 1056 percarum
782 961 820 1037 (i
833 962 1022 1058 blasphemio
1035 965 1217 1036 remittetur
1229 965 1366 1036 bomini·

305 1064 383 1148 tun
416 1065 561 1158 Spiritus
584 1078 689 1134 autem
711 1062 902 1158 blasphemia
919 1087 987 1133 nort
1002 1067 1196 1136 remittetur.
1246 1063 1365 1139 Phari»

303 1159 454 1236 saorum
470 1159 703 1253 sententiam,
733 1162 927 1242 &eorum
953 1164 1012 1253 qui
1032 1161 1082 1235 itu
1096 1184 1178 1238 cum
1194 1164 1247 1237 his
1262 1163 1365 1238 senti·

250 1351 253 1360 .
303 1275 372 1336 unt
387 1261 654 1358 perverlitatem
671 1261 879 1337 severillima
897 1259 1109 1336 definitione
1124 1265 1364 1352 condemnem

250 1415 253 1434 ι
303 1376 538 1458 peecatorum
558 1362 716 1438 omnium
736 1364 877 1436 veniam
886 1365 1122 1457 promittens,
1150 1364 1364 1459 &blasphe-

250 1515 257 1564 ‚
302 1458 382 1540 miae
398 1459 549 1555 Spiritus
566 1462 818 1559 indulgentiam
834 1462 1025 1557 abnegans.
1085 1461 1180 1538 Nam
1201 1484 1281 1538 cum
1306 1485 1364 1540 ce·
1412 1445 1423 1484 ⁸

250 1617 257 1640 .
304 1575 380 1636 terr
394 1559 486 1636 diebu
502 1559 669 1658 gestaque
683 1562 819 1634 liberali
833 1561 939 1635 venia
949 1564 1166 1647 relaxentur,
1190 1565 1363 1639 caretmi·

250 1659 254 1666 ’
303 1661 517 1755 sericordia,
553 1659 579 1734 sr
599 1657 699 1734 Deus
726 1675 877 1756 negetur
899 1662 940 1734 iu
962 1660 1116 1737 Christo.
1163 1659 1213 1736 Et
1231 1664 1269 1735 in
1286 1683 1362 1754 quo

301 1761 374 1836 fine
396 1761 503 1836 venia
517 1772 711 1855 peccator,
741 1760 1035 1836 benevolentiam
1051 1761 1188 1834 iteratae
1203 1762 1362 1840 admoui·-

250 1925 253 1946 ι
300 1862 412 1936 tionis
429 1861 619 1953 impendit:
643 1857 794 1933 omnino
807 1874 956 1952 peccate
969 1861 1140 1951 citiusque
1151 1863 1291 1956 generis
1304 1881 1363 1936 re·

251 1961 252 1966 ‘
300 1960 495 2050 mittenda,
518 1958 769 2055 blasphemiam
788 1958 825 2032 in
840 1959 1009 2052 Spiritum
1030 1957 1193 2034 sannam
1209 1980 1285 2034 uon
1304 1981 1360 2034 re·'

250 2123 253 2138 .
300 2059 522 2133 mittendam.
572 2058 670 2155 Quid
687 2060 780 2132 enim
796 2073 868 2134 tam
883 2073 987 2134 extra
1005 2061 1145 2149 veniam
1166 2058 1228 2144 est,
1254 2077 1360 2152 quum

299 2160 338 2234 in
359 2155 499 2231 Christo
519 2178 668 2254 negate,
693 2157 985 2249 qroducunt,
1013 2157 1359 2238 &confluentensi

299 2278 347 2332 eo
366 2257 505 2351 paterni
518 2256 669 2349 Spiritus
689 2256 914 2333 substantiam
935 2258 1107 2333 adimeret
1134 2277 1215 2334 oum
1229 2259 1267 2332 ln
1280 2257 1357 2354 Spi-

297 2360 371 2432 ritu
391 2356 460 2430 Dei
480 2378 572 2451 opus
598 2377 706 2431 omne
729 2355 971 2451 consummet,
1006 2354 1134 2455 &ipse
1152 2357 1194 2433 lit
1210 2375 1359 2454 regnum

297 2459 486 2549 coelorum,
513 2458 547 2530 dr
566 2458 603 2531 in
622 2478 669 2531 eo
681 2457 780 2530 Deus
797 2454 1360 2533 ntmundomreconetltmsfibll

296 2556 398 2652 Ergo
423 2556 592 2649 quidquid
623 2558 851 2632 contumelia
876 2559 1038 2633 extiterit
1058 2557 1096 2630 in
1123 2554 1286 2651 Christo,
1320 2556 1356 2631 id

299 2677 408 2729 omne
433 2657 572 2729 extabit
593 2657 628 2731 in
653 2656 756 2733 Deo:
794 2657 876 2753 quia
897 2657 930 2731 dt
954 2655 1288 2752 innchristoDeum
1322 2659 1357 2731 dr

298 2753 457 2831 Christus
477 2759 515 2829 in
531 2754 614 2829 Deo
634 2754 686 2833 sit.

400 2863 456 2936 18.
483 2857 552 2928 Aur
570 2856 673 2947 facire
691 2855 830 2928 arborem
844 2855 976 2944 bonam,
1010 2850 1191 2947 &fratirs
1214 2858 1293 2951 ejrrr'
1307 2853 1354 2926 ba·

293 2976 371 3027 mr:
406 2971 465 3027 aar!
473 2955 580 3049 facite
593 2955 732 3027 arborem
750 2957 883 3042 nolam,
908 2956 948 3032 U
957 2954 1091 3048 studim
1102 2959 1165 3052 ejus
1181 2955 1292 3038 malm,
1320 2954 1354 3027 &

293 3055 440 3146 reliqua.
491 3054 619 3129 Sermo
639 3052 675 3128 se
691 3056 725 3129 dr
744 3057 781 3129 iu
796 3054 947 3147 prosena
965 3053 1118 3143 exserit,
1146 3052 1302 3127 &effert
1314 3055 1351 3129 in

294 3153 466 3229 futurum.
531 3152 626 3229 Nam
641 3154 677 3227 in
692 3152 843 3250 praeseus
853 3156 994 3241 ludaeos
1011 3154 1163 3245 refellit,
1194 3155 1253 3242 qui
1270 3172 1352 3229 tum

292 3252 536 3351 intelligerent
561 3251 689 3327 Christi
711 3259 929 3349 operaultru
944 3256 1130 3331 humanam
1152 3251 1222 3327 elle
1241 3253 1355 3325 virtu·

293 3365 389 3443 tem,
422 3354 564 3426 nollent
578 3365 722 3446 tumen,
757 3354 857 3445 quod
875 3354 945 3428 Dei
962 3353 1048 3448 sant,
1080 3348 1267 3445 confiteri„
1310 3351 1353 3427 ln

292 3450 451 3525 futurum
479 3472 572 3525 vero
597 3474 742 3526 omnem
769 3448 853 3527 fidei
873 3452 1142 3549 perversitatem
1168 3452 1352 3559 vargum,

293 3568 420 3631 eorum
434 3549 589 3645 scilicet,
616 3552 676 3641 qui
696 3553 920 3626 divinitatem
937 3553 970 3626 dr
986 3552 1279 3627 communionem
1293 3572 1355 3643 pa·

290 3664 403 3722 ternae
415 3647 612 3725 substantia
629 3650 793 3726 Domino
812 3653 1061 3745 detrahentes,
1086 3653 1122 3726 in
1137 3647 1354 3731 diversabare

287 3745 411 3823 teseor
429 3748 541 3824 studia
561 3748 830 3826 efferbuerunt:
869 3767 1035 3827 neutrum
1057 3750 1251 3843 facientes,
1284 3768 1355 3827 neo

289 3851 386 3925 inter
405 3866 531 3944 gentes
553 3847 617 3927 sub
637 3853 745 3925 venia
764 3853 1003 3949 ignorationis
1025 3851 1250 3943 habitantes,
1284 3866 1354 3923 nec

289 3949 329 4023 in
360 3949 524 4024 veritatis
555 3951 768 4048 cognitione
791 3947 985 4027 versantes.
1050 3949 1235 4023 Arborem
1256 3944 1290 4021 se
1317 3949 1355 4025 in

290 4067 452 4147 corpore
477 4048 632 4146 pofitum
657 4048 849 4225 fignifigabtr
881 4052 963 4145 quia
977 4068 1041 4149 pet
1056 4049 1268 4126 interiorem
1279 4048 1354 4164 yir·

851 4172 877 4243 4
1220 4161 1308 4223 tutis
