3317 4900
218 389 221 544 l
337 475 342 488 ·
377 447 666 565 Teucrarus
689 465 739 522 ru
765 439 953 522 cxxnt
979 411 1215 522 Prasmon.
1276 381 1364 550 ,49ι

269 611 419 689 bomine
441 608 604 683 doctrina
628 608 704 681 Dei
722 608 867 682 erudito
887 604 1003 681 abesse
1016 623 1180 702 oportet.
1243 611 1339 706 Quis

272 715 366 786 enim
382 707 526 784 felitius
543 707 594 780 est
607 709 715 781 nobis
734 708 1038 804 gloriandilocps,
1062 710 1339 788 recordantibus

272 812 394 886 omnia
415 831 460 881 ex
482 806 565 880 Deo
589 805 684 881 elle?
722 807 759 879 Si
772 827 842 880 nos
858 807 964 880 nobis
980 810 1092 883 vitam
1106 808 1338 904 inseruimus,

270 914 464 985 debeamus
484 907 517 980 dt
534 909 640 980 nobis
657 927 852 1002 corporum
870 904 1043 1001 speciem:
1072 907 1173 1001 sripfi
1195 910 1337 1001 pluvias

226 1015 230 1024 '
269 1005 707 1101 aestusquemoderamur,
745 1005 1023 1079 exnostroeiie
1039 1023 1243 1099 proventus
1263 1008 1337 1082 fru-

270 1111 392 1184 ciuum
421 1107 630 1203 gloriemur:
666 1105 787 1178 sinon
816 1108 851 1177 in
880 1109 1048 1178 omnibus
1076 1107 1169 1197 upus
1192 1107 1242 1181 est
1265 1107 1336 1182 Dei

268 1205 525 1297 misericordia,
553 1207 658 1279 etiam
678 1207 798 1279 omnia
808 1207 928 1295 nobis,
956 1223 1132 1296 tamquam
1153 1227 1198 1278 ex
1208 1206 1334 1280 nostro

269 1310 358 1400 sint,
386 1306 617 1380 vindicemus.
675 1305 859 1396 Numquid
881 1305 986 1377 fortis
1003 1304 1135 1377 fortem
1152 1303 1186 1378 se
1205 1308 1335 1400 gloria·

269 1411 395 1497 bitur,
438 1426 544 1497 quem
568 1406 735 1499 corporis
761 1406 937 1499 egritudo
964 1403 1095 1477 efficiet
1124 1403 1333 1480 infirmum?

268 1506 452 1596 Numquid
468 1506 571 1577 dives
591 1504 773 1598 inopibus
790 1505 1020 1598 gloriabitur,
1046 1508 1103 1577 cui
1121 1505 1196 1577 haec
1211 1507 1334 1581 omnia

268 1604 460 1695 fortefur,
487 1603 632 1696 predo,
659 1618 834 1694 tyrannus
853 1600 1031 1693 abripiet?
1066 1604 1250 1695 Numquid
1266 1625 1335 1678 no·

268 1706 385 1779 bilitas
404 1705 639 1799 gloriabitur,
672 1700 800 1774 efferta
814 1721 1081 1793 nonnumquam
1098 1704 1262 1799 indigna,
1297 1704 1334 1777 dt

266 1804 471 1879 miserabilis
498 1801 683 1874 seruitus?
722 1795 907 1890 Numquid
935 1798 1069 1892 sapiens
1099 1805 1333 1897 gloriabitur,

219 1937 221 1986 ε
266 1904 450 1991 incertus,
478 1903 560 1991 quid
574 1904 610 1973 in
631 1918 815 1975 momenta
836 1901 897 1973 sibi
916 1899 1082 1972 accidat?
1115 1900 1224 1974 sensi
1245 1903 1331 1995 quid

219 2003 221 2086 ὲ
265 2003 398 2076 horum
417 2001 490 2073 srne
511 1999 678 2073 molestie
700 2002 848 2091 alicujus
864 2000 1156 2091 interpellatione
1174 2004 1330 2091 utimur,

265 2099 499 2189 delectamur,
525 2096 717 2173 efferimur.
768 2098 907 2172 Etsrex
921 2100 1037 2191 aliqua
1047 2098 1232 2172 tristitiain
1247 2123 1331 2195 gau·

265 2202 365 2273 dium
383 2214 622 2290 revertamur,
648 2199 751 2289 hujus
766 2199 870 2291 ipsius
888 2200 949 2283 vis
968 2199 1088 2289 adepti
1106 2199 1222 2293 gaudii
1236 2201 1331 2272 inca·

266 2320 374 2394 paces
393 2299 486 2371 ultra
501 2295 633 2371 sensum
652 2299 812 2374 humane
829 2298 1080 2370 imbecillitatis
1100 2299 1330 2386 extollimur3

264 2400 494 2473 immemores
518 2396 599 2472 dicii
619 2398 743 2485 hnjus:
777 2394 866 2470 Non
880 2399 1054 2494 glorietur
1071 2396 1207 2490 lrpiens
1227 2399 1261 2471 in
1279 2393 1330 2473 sa·

265 2502 401 2592 pientia
422 2497 501 2590 sua,
538 2519 658 2587 neque
677 2495 783 2570 fortis
805 2499 842 2569 in
860 2496 1079 2571 fortitudine
1094 2498 1172 2588 sua,
1212 2520 1331 2589 neque

265 2600 371 2670 dives
392 2599 429 2669 in
448 2598 581 2669 divitiis
600 2596 686 2669 luis:
714 2595 771 2668 sed
788 2598 823 2668 in
839 2617 885 2666 eo
902 2598 1098 2691 glorietur,
1125 2600 1183 2686 qui
1200 2599 1330 2692 gloria·

264 2711 347 2785 tur,
371 2697 570 2793 intelligere
586 2692 641 2787 se,
667 2694 951 2790 &cognoscerc,
978 2699 1147 2787 quoniam
1169 2718 1238 2791 ego
1255 2696 1328 2773 sum
1361 2736 1365 2747 ·

263 2795 457 2871 Dominus.
517 2792 615 2889 Ergo
643 2815 711 2866 nos
731 2795 776 2866 de
796 2791 1063 2867 consuetudinis
1084 2794 1330 2869 nostraeuitio
1400 2878 1406 2895 1

262 2893 474 2986 insolentes,
501 2895 655 2986 quodam
673 2894 880 2986 prescripto
903 2894 1130 2997 conseilipnis
1144 2893 1327 2987 Propheta

263 2993 451 3069 formavit:
482 2993 515 3066 bt
536 2994 579 3065 ad
599 2994 776 3067 honorem
794 2994 878 3065 Deo
899 2993 1141 3085 reddendum,
1167 2994 1200 3068 n
1221 2995 1256 3067 in
1278 3016 1326 3068 eo

231 3094 488 3188 gloriandum
519 3095 685 3186 exemplo
713 3094 968 3167 admonitionis
1001 3093 1150 3166 edocuit
1181 3094 1324 3168 dicens:

262 3192 342 3288 Nifi
356 3196 435 3291 quod
455 3197 613 3265 Dominus
628 3211 697 3263 erat
716 3200 753 3263 iu
770 3196 876 3278 uobis,
903 3197 988 3263 dicar
1004 3218 1091 3263 nuuc
1111 3194 1222 3266 lsrael.

222 3310 229 3375 'r
364 3313 396 3384 3.
423 3291 570 3365 Auditis
592 3294 699 3387 igitur
725 3315 744 3363 a
771 3291 975 3384 Propheta,
1013 3313 1090 3382 quae
1112 3293 1325 3366 dicere-uos

262 3406 435 3485 oportet,
476 3392 632 3464 dicamus
653 3393 789 3464 &nost
826 3394 902 3482 Μή
923 3394 1003 3487 quod
1025 3396 1267 3465 Dominarum
1287 3398 1326 3462 iu

260 3491 375 3575 molier
399 3515 467 3561 cum
486 3491 684 3584 insurgerent
699 3493 889 3561 hominurn
909 3517 984 3578 uos,
1004 3491 1095 3584 forre
1113 3501 1207 3563 uiuos
1225 3493 1325 3582 deglu-

260 3587 376 3680 rrffinr
395 3615 463 3663 nor.
513 3589 663 3682 Perpeffi
681 3612 832 3681 namque
852 3591 1035 3665 hominum
1053 3590 1324 3683 iniecistiones,

259 3708 386 3783 regum
420 3691 541 3781 impias
574 3688 873 3780 constitutiones,
912 3692 1180 3779 consiliatorum
1204 3690 1326 3763 illece-

258 3785 385 3863 brosas
401 3781 690 3880 adhortatidnes,
729 3811 809 3864 cum
832 3793 868 3863 in
889 3785 959 3863 fide
979 3809 1206 3880 maneamus,
1242 3810 1326 3865 cum

259 3890 297 3961 iu
318 3889 453 3960 timore
472 3887 541 3961 Dei
557 3890 779 3980 resideamus,
808 3911 887 3962 cum
903 3893 940 3962 in
956 3888 1015 3980 ipe
1028 3894 1211 3962 bonorum
1223 3905 1323 3962 eter-

258 4006 392 4061 norum
413 3987 660 4073 immoremur,
698 3991 806 4079 adJ'uti
829 3990 899 4061 Dei
919 3988 1180 4080 misericordia,
1213 3986 1324 4061 scien·

260 4096 315 4161 tes
334 4082 476 4159 fidelem
498 4106 602 4178 eum,
628 4088 688 4177 qui
708 4089 813 4163 dixit:
841 4086 938 4161 Ecce
954 4107 1024 4185 ego
1043 4087 1233 4163 vobiscum
1249 4086 1323 4175 ium

306 4187 347 4263 S.
362 4188 493 4263 Hilarii
508 4180 676 4283 Toulll.
897 4182 935 4265 D
1078 4254 1082 4265 .
1164 4186 1282 4265 omtlt·
1360 4225 1366 4236 ,
