3317 4900
475 523 478 529 ·
575 523 623 580 ru
646 501 848 580 Serrrru
870 503 1073 580 Hrurrrr.
1195 521 1357 580 unvu

389 665 489 742 Hine
507 683 572 759 per
592 663 627 740 se
644 664 807 738 exoritur
823 663 971 759 quaestio
986 663 1116 739 ceteris
1127 663 1201 758 jun
1217 662 1357 740 absolu·

289 788 338 866 tir
358 807 438 862 nou
451 777 615 882 inferior,
641 787 726 883 quid
740 785 906 862 nimirum
921 784 1078 862 Hilarius
1097 785 1144 860 de
1158 782 1357 884 grauaren-

290 904 387 985 serit.

394 1023 499 1101 Mera
513 1024 729 1123 sophistam
745 1024 838 1108 ssent,
861 1043 933 1099 nec
946 1024 1204 1102 temtationem
1218 1045 1360 1108 mereu-

291 1158 377 1240 tur,
402 1167 479 1240 qure
495 1146 677 1220 scultetus
695 1147 865 1239 reponit,
888 1158 931 1217 ut
947 1144 1051 1240 ipiiur
1072 1146 1119 1220 de
1133 1146 1251 1220 libero
1267 1149 1359 1221 arbi·-

292 1268 389 1360 trio‚
423 1266 468 1346 de
483 1263 761 1358 justificatione,
792 1266 1031 1342 &bonorum
1053 1285 1205 1359 operum
1223 1269 1359 1343 meritis

293 1387 400 1462 ellare
418 1385 621 1462 testimonia
635 1385 766 1461 eludat.
816 1384 872 1459 Ut
889 1389 984 1464 euim
1000 1390 1151 1481 probet,
1177 1387 1361 1466 bonorum

296 1527 448 1603 operum
467 1505 596 1580 merita
610 1506 789 1596 interdum
807 1506 852 1579 rb
868 1506 1007 1580 Hilario
1017 1507 1175 1600 excludi,
1201 1509 1362 1601 opponit

293 1629 407 1726 prima
422 1628 498 1720 eius
513 1625 626 1700 verbe
644 1647 675 1698 c.
695 1626 784 1720 7.in
802 1625 918 1700 Mutii.
939 1633 972 1720 §.
991 1649 1024 1702 π.
1049 1627 1179 1721 „seius
1200 1629 1362 1722 gentium

296 1747 415 1824 omnir
433 1767 480 1822 ex
495 1741 567 1821 flde
586 1745 693 1835 est,“
717 1766 759 1820 ac
779 1747 912 1820 reticet
926 1744 1098 1823 ilrbrrexrr
1124 1743 1209 1843 „Et
1223 1746 1262 1822 in
1274 1765 1363 1844 pru·

296 1868 415 1966 ceptis
429 1863 578 1941 Domini
595 1866 672 1940 vita
688 1863 739 1938 est
751 1865 1017 1941 universorum.
1026 1867 1054 1913 ‘⁶

362 2003 366 2010 ·
399 1981 552 2060 Rursum
571 2003 687 2058 ovare
697 1984 760 2059 irbi
778 1985 946 2081 videtur,
985 1984 1085 2080 quor
1101 2005 1135 2059 e.
1154 1993 1188 2068 8.
1201 1986 1239 2080 ς.
1255 1989 1291 2065 6.
1313 1988 1366 2068 le·

298 2118 382 2206 get:
414 2101 640 2198 „Remilium
656 2103 724 2178 effe
741 2127 761 2178 a
781 2104 943 2189 Christo,
968 2106 1066 2200 quod
1078 2107 1140 2182 lex
1155 2106 1366 2184 lrxrrenorr

298 2239 469 2324 poteret,
491 2221 581 2300 fider
596 2225 691 2300 euim
708 2223 782 2298 sola
792 2225 1008 2320 justificet.“
1059 2225 1168 2326 Quali
1183 2243 1277 2301 vero
1291 2229 1367 2302 hoe

298 2345 457 2422 Hilarius
480 2344 553 2420 rlio
578 2342 678 2420 sensu
695 2329 851 2435 uixerit,
881 2367 985 2440 quam
1004 2367 1078 2441 quo
1100 2345 1230 2424 dilium
1253 2347 1306 2421 eil
1322 2347 1367 2422 ad

298 2466 410 2545 Rom.
427 2488 462 2561 3.
477 2474 536 2547 28.
564 2518 592 2562 ,‚
599 2464 783 2559 justificari
798 2468 979 2543 hominem
994 2489 1058 2560 per
1074 2464 1181 2542 fidem
1197 2468 1270 2542 sure
1280 2488 1368 2564 ope·
1430 2492 1437 2506 ·

300 2588 554 2682 ribur'legir.“
602 2583 677 2660 Ubi
696 2585 778 2658 sane
796 2585 942 2663 Paulus,
968 2584 1367 2683 utlAugustimue.14.

303 2707 352 2781 de
367 2706 438 2782 fide
455 2706 489 2779 u
506 2724 608 2800 oper.
625 2702 659 2801 l.
676 2726 734 2779 αι.
748 2720 871 2780 notati
897 2704 1018 2798 „Non
1032 2708 1106 2779 hoc
1124 2708 1208 2801 agit,
1237 2719 1368 2800 utper·

303 2841 436 2921 cepte,
463 2845 505 2899 ac
519 2823 672 2919 profess'a
689 2821 761 2899 file
779 2844 892 2917 opere
905 2824 1055 2931 justitiu¹
1066 2838 1368 2920 contemnentur,

303 2946 365 3025 sed
385 2961 426 3018 ut
439 2942 524 3020 sciat
543 2946 578 3021 se
594 2947 742 3039 quisque
761 2942 863 3040 poffe
880 2966 944 3038 per
963 2942 1072 3021 fidem
1083 2944 1278 3040 justificari,
1304 2946 1370 3019 eti·

305 3064 388 3139 amir
400 3067 488 3163 legis
504 3085 615 3158 opera
638 3086 715 3139 non
734 3062 1025 3161 praecefferint.“
1077 3066 1176 3165 Quid
1191 3082 1309 3140 aurem
1322 3065 1369 3138 de

306 3180 380 3261 fide
395 3187 565 3281 operibus
589 3186 754 3259 destituta
771 3185 992 3260 sentiendum
1006 3184 1067 3267 iit,
1092 3184 1248 3260 Hilarius
1266 3187 1304 3259 iu
1317 3180 1370 3259 rr.

310 3322 371 3393 51.
394 3301 426 3400 l.
448 3322 504 3393 ις.
525 3306 726 3378 luculenter
748 3307 863 3398 aperit
882 3306 937 3379 his
956 3284 1096 3378 verbis:
1130 3302 1202 3399 „Si
1221 3304 1300 3395 quis
1318 3301 1371 3375 iu·

309 3423 475 3501 credulus
497 3425 572 3497 nati
595 3426 631 3496 in
654 3443 813 3515 corpore
831 3423 902 3497 Dei
926 3422 1054 3517 fuerit,
1089 3426 1150 3499 vel
1170 3421 1371 3496 &credens

308 3557 461 3630 maneat,
483 3542 659 3617 fruilibue
674 3558 792 3616 tamen
803 3538 886 3616 fidei
896 3543 962 3617 suae
974 3558 1106 3638 careat,
1133 3541 1371 3618 eradicabitur

312 3679 377 3743 eut
393 3667 443 3735 ob
459 3659 724 3754 infidelitatem,
752 3674 814 3732 aut
827 3665 876 3737 ob
889 3664 1106 3747 sterilitatem
1124 3660 1299 3735 frulluum
1312 3683 1375 3735 ne·

311 3782 528 3883 gatorum.“
580 3783 671 3880 Quae
682 3781 836 3874 quidem,
863 3783 1000 3874 aliaque
1009 3781 1211 3873 hujusmodi
1224 3782 1375 3874 plurime

313 3904 375 3999 qui
391 3901 555 3992 audierit,
580 3901 744 3975 sculteto
755 3922 837 3977 eum
847 3902 1063 3976 inconstanti
1077 3898 1250 3976 sententie
1260 3899 1374 3978 modo

313 4020 578 4101 commendrffe
599 4040 731 4113 opera,
756 4017 1260 4115 modorespuiffeeffirmauti,
1285 4040 1376 4094 nun·

314 4164 420 4245 quatu
437 4139 658 4221 assentietur.
683 4184 735 4205 --
758 4126 828 4215 Sed
845 4141 976 4222 haecde
988 4135 1312 4247 illeiulriueuure,
1332 4139 1399 4215 ue»

807 4265 829 4351 f
848 4292 877 4368 4
1294 4284 1378 4365 que
