3317 4900
284 443 361 549 gro
408 435 445 523 S.
467 433 663 520 natatu
684 417 926 516 Tauiana.
950 431 1103 518 turcia.
1127 429 1301 520 Panum.

290 607 373 682 dem
387 597 593 680 constituat.
645 593 1343 693 Postviniiotenimcompedibuarege'i

291 707 499 802 ligatosque
513 697 660 776 manicis
678 698 841 785 nobiiee,
867 695 1264 788 SaniiorumJudioium
1280 717 1343 772 cor

292 805 478 895 scriptum,
506 821 585 876 cum
604 799 639 874 in
662 799 715 872 bie
732 798 899 876 omnibus
911 798 1025 894 gioria
1037 795 1267 884 constitisset,
1292 802 1343 898 git

293 907 356 984 tiae
374 917 494 980 tamen
511 899 615 994 ipsuu
635 895 894 977 consummatio
914 895 1120 976 baecsecuta
1137 895 1202 978 est.
1237 935 1245 948 ·

400 1025 431 1082 2.
458 999 630 1096 Superior
647 1000 816 1091 proximo
833 997 983 1078 Psaimur
995 998 1043 1082 aii
1058 997 1201 1080 laudern
1213 1017 1289 1072 uos
1301 995 1343 1070 Dr

298 1105 349 1182 ob
368 1104 592 1178 creationum
611 1095 909 1194 magnificentiam
932 1097 1140 1179 advocavit.
1192 1095 1272 1174 Se'd
1294 1119 1342 1192 po

299 1204 430 1282 cantici
457 1202 548 1277 novi
574 1199 744 1294 hymnum
765 1198 867 1278 Deus
892 1220 967 1273 non
993 1198 1111 1274 adhuc
1134 1196 1173 1269 in
1194 1201 1343 1296 operibr

297 1301 511 1390 laudandus,
534 1298 594 1379 sed
611 1296 804 1386 laudandus
821 1299 858 1376 iu
874 1297 1006 1374 sinatis
1021 1295 1085 1390 est,
1112 1316 1210 1388 quos
1228 1299 1318 1388 post
1323 1300 1343 1391 ji

300 1405 432 1484 dicium
454 1396 697 1498 conscriptum
712 1401 748 1472 in
764 1400 973 1476 aeternitatis
991 1397 1140 1494 gloriam
1157 1400 1342 1479 coiiocav

299 1505 369 1594 rit,
403 1501 437 1573 dt
459 1499 732 1575 indemutabiles
750 1499 820 1589 jun
844 1498 977 1578 coeieiii
994 1500 1137 1578 honora
1151 1495 1343 1576 donaveri

301 1622 368 1704 per
390 1599 488 1694 quod
505 1601 542 1676 iu
569 1598 714 1675 virtutis
735 1597 802 1676 suae
817 1599 1011 1676 laudandus
1027 1593 1343 1680 srtflrmamentun

303 1701 385 1796 quia
406 1695 667 1776 firmamentum
689 1712 831 1777 aeternar
849 1700 995 1778 virtutis
1019 1698 1229 1790 invexerit,
1262 1699 1343 1777 abso

301 1814 366 1900 pta
383 1800 420 1876 in
441 1799 682 1870 contentione
696 1813 838 1887 morto,
865 1819 944 1874 cum
964 1799 1246 1892 corruptionem
1264 1802 1343 1882 inco

301 1898 427 1993 ruptio
450 1897 697 1978 devoraverit.
757 1897 804 1975 Et
822 1898 959 1978 idcirco
977 1895 1248 1978 firmamentum
1272 1904 1342 1974 virt

304 2000 351 2078 tis
368 1999 445 2076 laur
460 1995 617 2098 sequitur
636 1996 868 2096 potestatum,
895 1998 975 2089 quia
993 2009 1148 2078 rnortern
1164 1999 1343 2081 immorta

304 2112 360 2179 aas
386 2094 635 2186 consumserit,
670 2095 856 2189 tribuent,
890 2098 989 2190 quod
1014 2098 1142 2178 oculata
1164 2119 1251 2180 nom
1271 2101 1343 2181 vidi

305 2217 376 2281 nec
400 2217 465 2274 cor
487 2196 686 2300 cogitavit,
724 2216 793 2276 nec
815 2197 1066 2280 aurisaudivit
1116 2251 1126 2282 .
1178 2248 1190 2280 a
1247 2255 1262 2285 ,
1314 2257 1324 2285 .

307 2348 1325 2384 0s2'00s00000⁸!QQ⁰0

304 2394 751 2482 insonuisuaaiauiem
801 2454 812 2483 ,
863 2453 874 2484 .
923 2454 935 2485 .
985 2395 1076 2481 suas·
1108 2433 1123 2481 a
1177 2454 1190 2485 .
1247 2458 1259 2486 .
1313 2456 1324 2487 .

305 2598 408 2675 Deus
425 2594 854 2686 secundun-apostorum
875 2618 942 2670 nos
962 2613 1044 2678 ante
1060 2598 1185 2679 mundi
1205 2600 1343 2679 constit

306 2698 445 2776 tionem
464 2696 500 2773 in
520 2694 717 2774 coeieiiibus
734 2697 876 2789 spiritaii
893 2697 1144 2777 benediciiono
1165 2700 1343 2782 benedixi

307 2796 352 2877 ad
377 2796 476 2885 cnjus
502 2795 613 2868 iaudis
633 2796 782 2890 gloriam
804 2802 924 2877 onnia
944 2799 977 2869 aa
997 2799 1121 2891 vocis,
1164 2799 1200 2879 aa
1225 2821 1343 2895 operu

265 2979 268 2983 ³
307 2893 425 2973 officia
447 2896 598 2972 incitant
624 2897 827 2971 diversitate
854 2898 1175 2977 habitationum&
1201 2902 1343 2973 ciaritai

307 2994 510 3077 Laudamus
534 2994 671 3075 idcirco
700 2997 736 3074 in
762 2998 932 3087 cymbalis
955 2992 1308 3077 benesonantibus:

309 3094 481 3189 cymbalis
501 3096 733 3175 exultationis
752 3098 826 3176 laus
845 3094 907 3173 ista
929 3093 1127 3188 perficitur,
1189 3101 1291 3196 Quae
1309 3102 1340 3179 in

310 3195 428 3273 omnis
441 3195 477 3269 in
498 3192 631 3274 Saniiis
655 3193 725 3286 est,
752 3196 851 3289 quod
873 3198 915 3275 ab
932 3197 985 3276 bis
1002 3196 1295 3296 corruptionem
1313 3221 1343 3273 ca

310 3295 365 3371 nis
393 3292 637 3386 sanguinisque
665 3295 861 3389 depulerit,
897 3296 1052 3385 quodni
1067 3298 1264 3391 imaginem
1291 3320 1343 3381 err

311 3394 403 3472 toris
422 3392 469 3468 sui
492 3394 557 3470 sint
575 3393 770 3480 reformati,
799 3394 897 3491 quud
913 3395 1120 3475 conformes
1131 3397 1204 3487 J‘am
1218 3399 1298 3481 eise
1310 3402 1341 3496 gi

309 3493 370 3573 ria
388 3493 553 3585 corporis
571 3492 638 3568 Dei
662 3498 856 3586 eoeperint,
883 3495 980 3586 quod
997 3498 1032 3566 in
1050 3517 1196 3569 ornnem
1216 3499 1296 3579 Dei
1313 3502 1343 3601 pi

309 3592 507 3675 nituriinem
527 3594 761 3689 impieantur,
796 3594 914 3686 qu0d5
943 3617 1023 3675 curn
1040 3594 1137 3673 Deus
1158 3594 1343 3689 spirituas

312 3691 432 3774 Deum
450 3697 574 3775 tameu'
587 3713 662 3774 uun
682 3716 766 3774 caro
779 3697 851 3795 jam
870 3694 911 3775 fit
925 3696 1121 3817 laudatura,
1147 3695 1209 3776 sed
1223 3697 1343 3803 spirita

667 3974 1015 3995 m
