3317 4900
293 448 363 526 332
449 413 481 516 „f
628 413 1014 498 &lissam

208 660 214 671 ,
294 587 429 666 satanas
444 583 552 656 tantis
568 579 824 675 suspicionibus
840 584 979 676 anxius,
1004 599 1119 674 usque
1137 583 1181 658 ad
1195 585 1370 660 tentandi

294 688 414 780 erupit
434 683 631 758 audaciam:
658 687 779 780 ingens
795 685 831 755 in
848 681 930 778 Jesu
942 683 1196 776 pertimescens
1214 686 1368 764 coelestis

294 786 494 864 molitionis
510 803 688 857 arcanum.
738 781 838 877 Jesus
857 786 950 857 enirn
970 783 1131 856 Domino
1153 786 1290 858 nostro
1304 809 1369 860 no-

293 908 376 964 men
392 907 437 958 ex
455 903 612 974 corpore
634 881 693 958 ell.
745 883 872 974 ltaque
890 861 923 956 dr
941 886 1179 975 corporalitas
1203 888 1310 976 ejus,
1334 887 1368 959 br

293 985 424 1084 palso,
461 985 632 1056 voluntas
651 981 766 1056 Dei&
788 982 877 1056 salus
898 985 1003 1056 seculi
1023 982 1090 1056 est:
1125 984 1159 1056 u
1182 986 1284 1056 ultra
1308 987 1367 1058 bu·

294 1087 387 1164 mani
407 1083 577 1158 sermonis
593 1083 774 1172 cloquium
793 1082 864 1156 est:
900 1083 1015 1154 Deum
1032 1105 1075 1154 ex
1092 1083 1203 1172 Deo,
1238 1085 1368 1160 Filium

295 1209 341 1261 ex
366 1183 478 1256 Patris
501 1180 714 1272 substantia,
753 1195 862 1274 atque
885 1183 977 1254 intra
997 1183 1109 1254 Patris
1133 1181 1370 1262 substantiam

295 1283 568 1372 consistentem,
594 1286 746 1373 primum
764 1283 800 1354 in
818 1283 998 1356 bominem
1018 1301 1286 1377 corporatum,
1314 1287 1369 1358 de·
1404 1321 1406 1342 ι

293 1385 378 1462 hinc
401 1386 508 1458 morti
524 1381 677 1454 hominis
697 1383 911 1456 conditione
931 1381 1140 1474 subjectum,
1176 1385 1369 1474 postremo

294 1485 377 1580 post
400 1483 553 1554 triduum
572 1483 608 1553 in
629 1485 739 1552 uitam
765 1504 809 1554 ex
836 1499 957 1556 morte
973 1484 1210 1577 redeuntem,
1242 1485 1369 1571 conso,-

295 1587 422 1658 ciatam
439 1579 589 1672 Spiritus
610 1580 643 1651 ἃ
662 1578 860 1654 substantias
880 1585 946 1655 suae
966 1583 1156 1656 aeternitati
1175 1589 1368 1662 materiem

295 1685 339 1758 ad
357 1685 484 1756 coelum
501 1676 642 1754 assumti
659 1684 824 1773 corporis
840 1681 1007 1756 retulisse.

341 1773 350 1786 “
398 1801 453 1868 15.
479 1779 540 1854 Ne
564 1781 673 1876 igitur
705 1782 797 1854 aliud
822 1780 1100 1855 existimaremus
1122 1782 1161 1854 in
1190 1786 1366 1877 operibus

293 1879 360 1958 suis
376 1877 469 1972 else,
496 1899 599 1972 quam
625 1882 872 1954 contineretur
891 1881 927 1954 in
948 1882 1049 1977 lege,
1075 1902 1150 1954 non
1168 1881 1320 1958 solvere
1330 1887 1362 1957 se

293 1984 409 2077 legem
431 1978 607 2074 professus
631 1979 702 2072 est,
737 1980 795 2055 sed
809 1982 978 2072 implere:
1018 1983 1144 2055 coelum
1169 1985 1365 2074 quidem&

294 2095 453 2182 terram2
480 2082 652 2171 maxima,
685 2094 726 2151 ut
745 2081 977 2171 arbitramur,
1006 2084 1188 2174 elementa
1213 2083 1364 2158 elsesol·

293 2181 434 2254 venda:
469 2193 628 2252 ceterum
648 2201 694 2251 ne
712 2180 894 2254 minimum
922 2181 1062 2271 quidem
1087 2180 1194 2272 posse
1224 2183 1300 2258 ello
1326 2186 1364 2258 de

292 2279 466 2358 mandatis
485 2273 571 2374 legis
591 2277 781 2382 insedlu'm3
807 2277 936 2370 inipso
957 2283 1049 2352 enim
1069 2281 1185 2353 lex&
1208 2285 1364 2379 prophe·

293 2383 344 2455 tia
358 2381 475 2454 omnis
497 2379 674 2474 impletur.
733 2378 807 2453 Sub
825 2379 1025 2474 passione&
1037 2380 1185 2472 jamjam
1205 2383 1362 2477 spiritum

291 2483 513 2569 traditurus‚·
542 2480 659 2575 magni
686 2480 790 2569 hujus
812 2481 848 2553 in
871 2479 904 2553 se
927 2496 1046 2552 certus
1069 2483 1222 2577 arcani,
1256 2500 1362 2577 potus

293 2595 399 2655 aceto
426 2576 668 2652 consummata
691 2581 810 2653 omnia
835 2579 886 2653 est
909 2579 1102 2671 professus:
1132 2577 1252 2657 fidem
1274 2588 1361 2659 enim

316 2679 492 2770 estorum,
530 2680 649 2752 omnia
672 2695 746 2752 tum
771 2680 1027 2771 prophetarum
1049 2678 1138 2752 dicia
1159 2680 1360 2759 sumebant.

289 2704 414 2870 stoque
429 2801 473 2850 ne
489 2780 630 2851 minima
650 2780 790 2869 quidem
808 2780 1056 2852 mandatorum
1073 2780 1169 2872 Dei,
1200 2784 1266 2857 nisa
1290 2806 1361 2858 cum

291 2880 437 2974 piaculo
457 2877 528 2950 Dei
551 2878 736 2951 constituit
763 2877 833 2951 else
858 2877 1046 2952 solvenda:
1084 2878 1242 2956 futuros
1268 2884 1362 2958 mini·

291 2998 393 3068 mos,
416 2976 452 3049 id
474 2975 543 3062 est,
567 2980 789 3069 lloviffimos,
817 3000 858 3049 ac
873 2999 973 3069 paene
989 2981 1107 3051 nullos
1126 2979 1361 3075 denuntians,

289 3079 432 3155 minima
451 3073 647 3152 solventes.
714 3077 823 3150 Nulla
844 3096 962 3150 autom
983 3079 1034 3150 his
1053 3080 1201 3153 minora
1218 3083 1359 3174 possunt

290 3176 375 3270 else,
401 3194 478 3269 quae
490 3175 730 3252 minimasunt.
781 3175 971 3250 Minimum
985 3194 1104 3251 autem
1116 3177 1171 3250 est
1185 3186 1359 3273 omnium,

290 3276 442 3351 Domini
457 3276 578 3370 passm,
606 3278 639 3350 dr
656 3278 772 3349 crucis
784 3297 897 3350 mors:
924 3298 1027 3368 quam
1043 3278 1161 3368 siquis
1178 3295 1357 3374 tamquam

290 3376 565 3451 erubescendam
581 3397 658 3449 non
673 3373 929 3470 confitebitur,
957 3381 1025 3449 erit
1042 3378 1239 3470 minimus3
1283 3403 1358 3456 con·

289 3472 408 3557 fitenti
433 3496 526 3550 vero
551 3497 685 3574 magnae
705 3477 742 3549 in
763 3477 855 3549 coelo
879 3477 1084 3551 vocationis
1101 3481 1267 3573 gloriam
1290 3484 1359 3578 pol·

289 3576 432 3651 licetur.

394 3679 450 3750 16.
478 3679 558 3748 Dico
572 3690 677 3747 aulem
694 3674 803 3755 volis,
828 3680 903 3772 quia
918 3675 979 3772 arist
994 3676 1217 3752 abundaverit
1230 3684 1355 3780 justitia

289 3776 392 3872 vestra
406 3776 496 3873 plus,
521 3802 612 3875 quam
633 3776 816 3847 Scribarum
833 3776 871 3851 (5
890 3773 1142 3865 Phurrsaorum,
1172 3770 1355 3854 nonium·

288 3875 366 3946 bitis
383 3881 419 3945 in
432 3901 557 3969 regnum
569 3876 720 3947 coelorum.
769 3874 1016 3949 Pulcherrimo
1031 3875 1189 3972 ingressu
1204 3902 1302 3974 opus
1313 3884 1352 3955 lt·

287 3976 340 4071 gis
360 3977 468 4066 coepit
483 3978 674 4068 excedere,
700 3987 831 4049 utnon
852 3973 1064 4048 dissolveret
1078 3998 1172 4069 eam,
1204 3979 1266 4054 sed
1282 3980 1351 4074 p'ro·

286 4071 782 4175 seiiupotiorepraecedcret:
810 4075 944 4150 aditum
956 4075 1199 4171 Apostolisin
1214 4085 1352 4171 coelunt,

1248 4180 1312 4254 nili
