3317 4900
435 444 819 524 eoaaaaaarrua
850 465 901 523 nt
936 445 1202 546 Minaeum.
1279 455 1351 546 381

286 609 358 690 elie
373 611 576 687 daemonum
593 609 871 700 habitationem,
884 607 1121 702 ¹confimilenr
1137 608 1255 684 sedem
1271 630 1357 708 pro·

285 714 411 814 posuis
428 711 496 784 suia
514 725 623 802 atque
642 711 813 803 operibus
830 711 1050 806 eligentium.

389 813 423 884 6.
451 812 512 881 Sed
533 812 609 908 quid
623 808 726 905 existis
742 803 875 880 videre?
903 811 1111 903 Prophetam?
1146 811 1228 881 Dico
1245 809 1352 899 uobis,

288 919 385 988 etiam
402 911 582 1010 plusquam
602 910 807 1004 Prophetm,
835 907 901 981 dte.
955 903 1117 983 Gloriam
1136 909 1355 1004 omnemJo·

287 1014 390 1088 annis
417 1009 596 1084 Dominus
617 1007 793 1101 ostendit,
826 1007 952 1088 dicent
971 1005 1040 1081 elle
1057 1029 1140 1084 eum
1159 1010 1252 1083 ultra
1267 1007 1355 1081 Pro·

287 1117 452 1209 phetam:
479 1110 561 1202 qula
577 1106 643 1182 loli
658 1105 721 1201 ipsr
737 1105 1150 1203 licueritdtprophetate
1162 1093 1380 1204 christum}

289 1212 324 1285 or
340 1211 476 1284 videre.
526 1206 575 1280 Et
591 1205 781 1300 quomodo
797 1203 976 1282 Christum
988 1208 1155 1303 ignorare
1170 1208 1352 1304 creditur,

289 1313 351 1404 qui
374 1306 490 1384 millus
508 1309 547 1380 in
568 1307 686 1403 angeli
709 1305 891 1401 potestate
914 1308 1010 1380 viam
1030 1318 1189 1382 venturo
1206 1326 1354 1401 parave-

288 1414 355 1491 rit,
381 1410 505 1500 &quo
525 1427 570 1480 ex
589 1408 683 1479 natis
698 1408 888 1480 mulierum
905 1408 1024 1481 nullut
1043 1408 1158 1500 major
1168 1403 1354 1500 Propheta

287 1509 499 1596 surrexerit3
531 1505 596 1579 nisr
615 1504 733 1598 quod,
760 1508 821 1597 qui
836 1507 955 1580 minor
973 1525 1020 1579 eo
1039 1504 1112 1599 est,
1134 1505 1172 1581 id
1192 1501 1265 1599 est,
1291 1506 1355 1599 qui

286 1609 544 1704 interrogatur,
569 1609 717 1677 cuinon
731 1605 905 1698 creditur,
931 1603 1258 1686 cuitestinonium
1282 1623 1354 1679 nec
1437 1645 1441 1664 ι

288 1727 404 1806 opera
420 1707 478 1780 sua
492 1702 678 1800 prestant,
703 1704 765 1777 hic
777 1706 816 1778 in
831 1722 947 1799 reguo
964 1708 1138 1780 coelorum
1151 1706 1267 1800 major
1282 1700 1355 1780 esti

391 1828 424 1901 7.
451 1810 483 1879 A
507 1805 612 1876 ditius
632 1820 738 1876 autem
765 1806 913 1901 Joanm'r
928 1804 1075 1902 Baptista
1095 1830 1190 1905 usque
1202 1828 1290 1878 nm
1304 1827 1355 1880 te·

287 1934 386 2005 gnum
405 1909 545 1975 culorum
562 1909 632 1975 vim
653 1911 800 2000 potitur,
835 1902 875 1980 (Ἰ
890 1909 960 1975 vim
971 1907 1299 2002 facimletdiripiunr
1313 1905 1355 1977 tl·

287 2010 355 2084 lud.
407 2003 462 2078 Ut
478 2023 596 2079 rerum
609 2017 737 2077 natura
751 2004 880 2099 exigit,
906 2005 981 2079 vim
999 2005 1125 2098 potior
1141 2001 1266 2094 affert3
1290 2007 1356 2079 mi·

287 2127 432 2198 norque
449 2106 531 2195 erit,
557 2105 616 2176 cui
638 2104 693 2177 vis
709 2099 891 2179 afferatur.
944 2104 1043 2204 Quid
1060 2124 1147 2201 ergo
1163 2103 1227 2199 est,
1253 2103 1354 2198 quod

289 2210 461 2300 diripiens
477 2202 547 2295 est,
574 2202 744 2295 quodque
762 2204 836 2278 vim
852 2205 1002 2298 patitur,
1026 2203 1276 2279 contuendum
1290 2202 1355 2280 est.

285 2301 543 2386 Infidelitatem
559 2301 812 2395 discipulorum
826 2300 979 2397 Joannis
995 2303 1176 2378 Dominus
1189 2304 1357 2378 adverte·

285 2423 362 2491 rat,
389 2407 502 2479 tutbae
519 2405 625 2478 etiam
643 2402 856 2495 opinionem
869 2401 914 2475 de
927 2401 1002 2495 eius
1016 2403 1150 2478 nuntio
1164 2404 1354 2479 intellexe-

286 2523 363 2598 rat,
389 2508 426 2579 in
443 2506 559 2577 crucis
579 2501 746 2576 scandalo
767 2503 894 2599 ingens
907 2498 992 2575 fidei
1008 2504 1208 2598 periculum
1226 2500 1355 2579 lentie-⁸

287 2606 362 2682 bat.
429 2602 485 2677 lre
507 2603 629 2696 potina
651 2589 855 2694 Apostolos
878 2600 922 2674 ad
942 2616 1034 2676 ovea
1058 2602 1169 2677 Israel
1193 2604 1352 2699 perditae

281 2702 448 2801 jullerat:
482 2700 577 2795 ipsos
601 2698 770 2774 constitui
799 2702 997 2796 oportebat
1018 2703 1057 2776 in
1079 2720 1216 2800 regno,
1253 2700 1288 2776 dr
1312 2704 1353 2780 in

286 2802 466 2895 Abrahae,
499 2799 664 2895 ollam,
697 2800 867 2895 &Jacob
887 2800 1020 2875 familia
1035 2814 1144 2895 atque
1158 2804 1353 2900 agnatione

286 2902 447 2979 retineri.
499 2900 569 2973 Sed
586 2901 704 2973 omnis
720 2900 796 2973 haec
810 2901 1018 2993 praedicatio
1028 2897 1352 2998 profectumpubli·

287 3005 386 3077 canis
416 3000 450 3074 dt
479 3000 734 3095 peccatoribus
764 2995 951 3076 afferebat.
1013 2998 1068 3075 Ex
1088 3002 1145 3077 hia
1167 3004 1263 3079 enim
1276 3002 1350 3096 jam
1403 3008 1409 3019 '

288 3104 502 3194 credentes,
535 3121 581 3172 ex
601 3099 656 3172 hia
674 3099 747 3192 jam
762 3096 957 3193 Apostoli,
982 3120 1027 3173 ex
1041 3100 1097 3177 hia
1107 3101 1180 3195 jam
1200 3123 1239 3175 re
1288 3123 1353 3179 utu

286 3202 474 3275 eoelorum.
537 3196 709 3271 Ceterum
735 3198 868 3293 Joannl
894 3218 914 3273 a
939 3202 1048 3294 plebe
1072 3222 1149 3275 uno
1174 3221 1234 3275 cre
1260 3202 1352 3287 itur,

288 3299 537 3375 autoritatem
556 3295 683 3371 Christi
706 3319 818 3391 opera
844 3318 922 3373 non
944 3314 1149 3393 merentur,
1184 3318 1272 3375 crux
1294 3298 1353 3377 tu.

287 3413 371 3473 tura
391 3413 469 3473 erat
485 3398 664 3472 scandalo.
727 3396 805 3492 Jam
830 3394 1025 3493 prophetia
1042 3398 1168 3494 ceffat,
1200 3402 1272 3493 lam
1290 3403 1352 3477 lex

287 3498 476 3592 expletur,
498 3500 570 3590 jam
583 3496 791 3591 praedicatio
810 3501 929 3571 omnir
949 3499 1157 3583 includitur,
1177 3500 1250 3594 jam
1260 3494 1350 3577 Eue

286 3594 429 3693 spiritua
450 3599 489 3670 in
503 3596 653 3691 Joannis
668 3600 1018 3691 vocepraemittitut.
1076 3598 1169 3673 Allu
1192 3598 1351 3675 Cbtistur

285 3696 518 3795 predicatur,
549 3698 584 3769 dt
604 3698 647 3769 ab
669 3696 745 3768 aliia
766 3692 987 3792 agnoscitur:
1014 3698 1091 3771 aliis
1110 3696 1289 3793 nascitur,
1315 3698 1352 3777 d<

286 3780 418 3873 ttbaliio
432 3797 597 3891 diligitur.
647 3795 802 3868 Suleum
811 3792 997 3890 respuunt,
1027 3799 1133 3897 alieni
1143 3798 1354 3893 suscipiunt:¹

282 3896 424 3995 proprii
437 3891 665 3988 infestantur,
693 3894 1143 3988 compledlunturinimicl.
1193 3894 1353 3975 Haeredi·

281 4008 398 4075 tatem
413 3992 563 4089 adoptio
578 3997 730 4088 expetit,
755 3990 886 4069 familia
899 3996 1027 4087 rejicit
1078 3986 1351 4075 Testamentum

283 4090 354 4173 filii
372 4092 586 4197 repudiant,
611 4090 706 4170 servi
724 4084 1004 4193 recognoscunt.
1053 4092 1181 4193 ltaque
1200 4097 1275 4172 vim
1293 4118 1350 4175 te·
