3317 4900
466 467 470 478 ’
616 463 716 559 *o
767 391 1037 561 coustri-

452 852 1200 993 turonum

571 1069 1085 1166 courruuar1o

334 1250 765 1344 TRACTATUUM
801 1249 984 1338 SUPER
1023 1245 1307 1342 PSALMOS.

579 1452 1078 1478 m

604 1609 1072 1683 PROLOGUS.-

477 1713 579 1880 ..sn
593 1771 726 1842 cantica
762 1767 939 1866 quindecim
971 1767 1132 1861 graduum.
1205 1765 1210 1771 ’

295 1953 330 2010 1.
420 1929 593 2006 almorum
609 1932 704 2005 tituli
750 1943 792 2001 ut
808 1928 846 2002 in
862 1928 1022 2021 plurimis
1038 1928 1270 2026 ostendimus,-
1294 1930 1357 2008 lra·

346 1929 520 2110 Pcbent
533 2031 695 2123 proprias
709 1982 788 2104 suas
802 2025 1101 2126 significationes,
1129 2034 1307 2108 rationem
1320 2034 1358 2108 bt

293 2144 504 2230 argumenta
519 2127 743 2223 scriptorum,
770 2149 848 2221 quae
860 2128 1044 2221 subjacent
1062 2130 1358 2210 breviffirnccon·

292 2231 475 2323 fluentes,
507 2249 648 2321 nosque
663 2229 816 2320 quodam
837 2227 1008 2303 dotlrinae
1020 2229 1156 2302 indicio
1173 2232 1210 2304 in
1224 2234 1358 2305 intelli-

292 2332 423 2426 gentiae
446 2328 613 2408 semitam¹
628 2328 838 2424 dirigentes:
869 2327 916 2402 de
935 2328 1066 2421 quibus
1083 2350 1181 2403 nunc
1197 2351 1275 2404 non
1297 2352 1359 2404 ne·

295 2427 387 2506 celse
410 2428 461 2504 est
483 2428 616 2522 aliquid
634 2425 797 2503 tractare.
871 2426 967 2503 Turn
989 2429 1082 2504 enirn
1100 2430 1142 2510 id,
1155 2426 1359 2524 fieriopor·

293 2545 364 2623 tet,
390 2527 1109 2637 curnpsalmusunusquisquetratlabitur.
1159 2528 1359 2608 Cumanim

291 2629 358 2703 libi
375 2631 541 2705 invicem.
554 2628 801 2703 autoritatem
818 2626 984 2720 prostent
998 2627 1148 2722 psalmus
1164 2630 1197 2703 ἀ
1214 2631 1357 2721 titulur3

292 2728 422 2803 debilia
446 2730 515 2801 erit
533 2726 670 2819 sermo,
685 2728 727 2827 ¹sr
748 2728 792 2800 de
808 2728 928 2817 aliquo
941 2748 1068 2801 corum
1087 2729 1222 2821 absque
1237 2732 1356 2805 altero

292 2826 492 2903 disseretur.
543 2827 654 2901 Nunc
672 2847 764 2900 vero
781 2824 932 2899 Cantica
946 2827 1116 2923 graduum
1135 2830 1368 2926 attingimus,

293 2947 449 3019 quorum
465 2928 498 3001 ἀ
516 2930 707 3013 continua,
742 2927 775 2999 br
792 2927 933 3018 aqualis
949 2924 1132 3021 inscriptio
1148 2926 1221 3020 est,
1247 2944 1358 3021 atquc

291 3027 376 3101 ideo
393 3023 650 3123 significatione
666 3026 915 3101 conveniente
931 3026 1141 3120 titulorum,
1169 3026 1229 3102 sub
1250 3031 1357 3103 unius

293 3126 527 3299 expogrstionis
540 3126 680 3219 judicio
697 3123 949 3201 universorum
961 3128 1162 3222 reperietur
1177 3129 1272 3205 ratio
1285 3128 1357 3205 elle

292 3246 380 3299 mm
431 3239 499 3301 ua

334 3356 339 3365 ·
399 3322 1359 3418 nmfflfflmoemfflmmmssuwwmfflww

293 3424 458 3500 ordinem
481 3424 519 3498 in
544 3421 900 3519 superscriptionibus
926 3446 1052 3498 eorum
1072 3423 1141 3499 else
1157 3425 1251 3498 edita
1273 3425 1359 3520 legi-

294 3544 393 3601 mus:
418 3538 472 3615 ut,
498 3543 579 3605 cum
596 3522 689 3619 sugit
709 3522 830 3596 David
848 3546 868 3597 a
887 3523 980 3598 facie
998 3521 1061 3597 filii
1080 3525 1128 3599 sui
1146 3522 1356 3616 Abessalon,

295 3621 1358 3713 mmmmwmmmwmfflfflwmm

293 3722 378 3820 post
392 3720 566 3797 Bersabee
582 3724 626 3796 ab
642 3721 788 3813 Nathan
808 3740 998 3817 monetur,
1023 3724 1057 3796 ur
1076 3725 1115 3795 in
1131 3723 1281 3814 ..reliquia
1296 3723 1357 3798 src·

293 3823 359 3897 ubi
379 3819 557 3919 gestorum
578 3818 713 3896 ‘veritas
732 3821 810 3914 ipsra
828 3820 1041 3916 psalmorum
1062 3823 1175 3894 titulis
1194 3824 1358 3897 contine·

294 3937 367 3996 tur.
420 3918 489 3993 Sed
502 3920 940 4019 meminissenosoportet,
967 3919 1193 3996 hoseosdern
1205 3918 1360 4014 psalmon
1416 3968 1419 3976 ·

294 4042 374 4099 non
401 4020 537 4109 idcirco
558 4041 682 4101 omnes
706 4026 948 4114 corporaliter
971 4021 1244 4116 intelligendos,
1277 4022 1360 4111 quia

295 4120 352 4199 hir
381 4121 624 4212 corporalium
649 4123 881 4216 negotiorum
905 4116 1117 4219 significatio
1140 4119 1364 4199 auteferturt

350 4222 387 4297 S.
416 4220 545 4295 Hr'larir'
574 4214 667 4297 Tm·
687 4223 753 4297 III.
970 4216 1025 4301 Δ
1125 4270 1145 4281 -
1242 4220 1343 4316 nutu
