3317 4900
367 391 369 398 Ι
399 449 696 530 runcinus
721 461 771 525 ru
797 439 938 530 cxxi.
964 387 1202 534 lenonum.
1257 459 1262 475 ’
1296 473 1344 558 37
1374 445 1377 456 ’

269 619 328 710 lio,
356 635 402 689 ex
418 610 679 687 resurreoiione
697 614 964 705 renovandum,
991 612 1224 708 futurumque
1240 619 1342 694 inco·

267 719 339 794 lem
361 715 520 787 civitatis
549 712 711 786 coelestis
737 713 835 786 vivis
860 715 1036 806 lapidibus
1054 713 1260 810 exstruam,
1294 721 1341 796 de
1429 737 1436 764 ³

270 839 341 910 qua
356 813 486 888 Paulus
501 827 694 887 memorat:
723 816 806 909 Jom
820 839 887 884 non
900 814 970 911 estis
987 817 1135 903 aduena,
1161 821 1261 919 noque
1269 841 1341 914 por.

269 921 376 1011 ogrini
386 966 397 1002 ,
417 914 471 1004 soi
486 914 555 1011 ollis
569 920 653 983 cives
669 914 881 1000 Soniiorom,
906 919 944 990 D
960 915 1109 1012 domestici
1125 919 1210 1010 Dei,
1230 920 1339 1015 super·

269 1019 516 1110 edificalifiopor
524 1014 776 1106 fundamentum
799 1015 1020 1111 Apostolorum:
1046 1035 1198 1107 cumque
1211 1018 1338 1114 legerit

270 1138 336 1207 ea,
360 1135 436 1206 que·
457 1134 553 1186 nunc
572 1112 673 1205 sunt,
701 1136 745 1187 ex
764 1129 866 1210 parte
883 1116 1092 1188 annuntiato
1108 1116 1151 1188 ab
1173 1114 1336 1212 Angelis,

268 1217 424 1290 formata
443 1214 480 1287 in
497 1215 597 1309 lege,
625 1214 785 1305 exposita
805 1237 824 1288 a
840 1214 1053 1305 Prophetis,
1079 1215 1270 1306 praedicata
1289 1221 1333 1292 ab

269 1313 481 1407 Apostolis;
506 1327 594 1386 tunc
609 1313 680 1404 ipse
697 1314 758 1386 srbi
772 1313 969 1388 necellario
986 1316 1247 1411 proclamavit,
1274 1337 1335 1391 ex·

269 1417 389 1510 emplo
405 1411 598 1514 Prophetae
615 1413 759 1486 dicens:

370 1517 519 1586 Laelotos
533 1513 600 1595 sum
617 1520 654 1580 in
668 1515 731 1597 his,
757 1538 823 1609 qna
837 1512 922 1584 sisio
930 1515 1013 1600 soni
1028 1512 1120 1584 milri.
1172 1507 1243 1584 Sed
1257 1533 1335 1604 quae

267 1613 348 1688 sunt
371 1614 453 1705 illa,
489 1632 567 1703 quae
590 1609 679 1683 diiia
698 1610 798 1701 sunt,
831 1614 868 1684 in
886 1616 1012 1704 quibus
1028 1612 1150 1685 laetitia
1171 1611 1335 1708 suscepta

266 1713 343 1789 est‘i
370 1712 513 1808 Nempe
527 1713 584 1802 ld,
612 1712 710 1803 quod
730 1710 899 1803 sequitur.

368 1815 409 1884 In
424 1814 543 1883 domum
564 1816 699 1884 Domini
713 1813 841 1882 ibimus.
1299 1893 1302 1898 Ι

367 1909 467 2006 Ergo
485 1914 564 2002 quia
582 1913 657 1986 hoec
673 1928 778 1985 antea
797 1908 889 1983 diiio
905 1907 1005 2001 sunt,
1029 1923 1222 2006 propterea
1238 1912 1333 1983 laeto·

265 2026 349 2092 tur,
375 2011 571 2105 gaudetur,
597 2012 694 2102 quod
713 2012 868 2085 eundum
886 2010 921 2081 irr
944 2009 1089 2082 domum
1110 2008 1258 2082 Domini
1278 2011 1331 2086 fit.

267 2114 362 2206 Quae
383 2123 502 2182 autem
517 2110 559 2183 srt
575 2109 701 2183 domus
718 2112 889 2201 Domini,
916 2111 952 2181 in
971 2111 1043 2183 alio
1057 2105 1196 2182 Psalmo
1216 2108 1334 2184 decla·
1357 2161 1361 2168 -

265 2222 344 2300 rat,
370 2209 511 2282 dicens:
540 2214 698 2303 Quoniam
715 2212 806 2305 dogit
823 2213 981 2282 Dominus
998 2214 1093 2296 Sion,
1114 2210 1334 2304 prolegiteom

268 2316 306 2379 in
325 2310 551 2381 habitationem
560 2310 634 2406 fibi.
688 2314 763 2382 Hac
775 2315 895 2409 requies
911 2335 976 2380 meo
993 2309 1332 2399 injocuioseculorom,

267 2411 323 2480 hic
347 2411 514 2513 habitabo,
549 2414 699 2509 quoniam
717 2412 841 2507 prologi
859 2434 946 2495 eom:
984 2408 1074 2483 Non
1093 2407 1220 2499 utique
1238 2405 1333 2497 hanc

266 2526 468 2603 terrenam,
495 2533 586 2602 quae
598 2510 797 2603 Prophetas
813 2510 968 2602 occidit,
994 2506 1237 2605 &lepidouit3
1272 2508 1332 2581 sed

266 2611 363 2684 illam
387 2612 554 2703 liberam,
589 2610 822 2685 &colestem
841 2609 1074 2684 Hierusalem.
1140 2606 1201 2681 Ne
1232 2606 1332 2682 sorte

268 2712 347 2800 quis
374 2712 517 2806 ignoret
544 2714 581 2782 in
604 2732 737 2786 vanum
762 2732 831 2785 nos
859 2711 896 2782 in
916 2730 993 2784 eom
1015 2710 1162 2785 domum
1190 2708 1329 2801 ituros,

264 2807 416 2883 subiecit
436 2811 578 2883 dicens:

367 2913 503 2981 Stantis
523 2911 707 3007 erantpedes
717 2907 816 2994 moliri
831 2913 869 2978 in
886 2912 985 2980 orriis
1000 2908 1207 2995 Hierofhiom.
1237 2905 1329 2981 Non

263 3010 402 3083 incerta
423 3011 609 3100 nuntiant,
643 3030 719 3083 non
734 3010 920 3103 incognita
939 3009 1166 3101 pollicentur.
1223 3006 1329 3079 Hanc

266 3108 410 3181 domum
434 3110 716 3195 desiderabilem,
755 3108 972 3182 &dileiiam
1000 3109 1156 3182 amultis
1176 3107 1328 3205 agnovi·

268 3231 357 3283 mus.
411 3209 504 3282 Nam
524 3211 560 3282 in
581 3214 652 3283 alio
668 3208 804 3282 Psalmo
824 3210 894 3282 ait:

374 3313 479 3379 Unam
496 3316 609 3405 periio
630 3316 715 3397 Deo,
745 3310 830 3379 hanc
850 3313 1025 3405 requiram,
1047 3321 1085 3376 ut
1099 3305 1273 3376 inhabilem
1289 3308 1327 3373 in

263 3410 349 3479 domo
368 3414 500 3479 Domini
514 3412 651 3479 omnibus
665 3408 770 3478 diebos
789 3414 869 3478 vito
887 3434 966 3478 mea.
1020 3404 1107 3478 Haec
1123 3407 1250 3479 domus
1268 3402 1327 3474 de·

261 3507 454 3582 siderabilis
483 3509 554 3601 eli,
587 3509 820 3581 fundamento
837 3507 1026 3580 duodecim
1049 3506 1214 3577 vivarum
1232 3522 1327 3595 gem·

261 3607 962 3699 morumeffevivoslapidesexstrunos‚
990 3602 1146 3677 excisos:
1175 3604 1325 3692 primum

260 3707 299 3779 id
320 3726 412 3797 opus
429 3707 673 3782 aedificationis
691 3707 742 3780 est
763 3728 782 3779 a
799 3707 932 3800 Moyse
949 3708 985 3778 in
1003 3708 1103 3797 lege,
1131 3725 1150 3773 a
1166 3701 1326 3795 Prophe-

259 3809 308 3879 tis
327 3810 364 3879 in
385 3808 594 3898 pellionibus
610 3807 690 3898 suis,
718 3808 761 3880 ab
781 3806 964 3899 Apostolis
985 3806 1019 3876 in
1035 3801 1223 3892 martyriis.
1275 3800 1324 3877 Hi

259 3904 522 3998 aedificatores,
550 3910 624 3982 haec
638 3909 780 3998 civitas,
807 3908 866 4003 hic
881 3907 1012 3979 stantes
1031 3898 1110 3973 sunt
1120 3900 1228 3992 pedes
1241 3898 1324 3972 San·

262 4005 417 4098 olorum,
446 4011 544 4097 cujus
559 4009 685 4082 domus
703 4005 869 4079 custodes
891 4005 969 4078 sunt
984 3998 1167 4094 Apostoli,
1195 4003 1322 4093 quibus

262 4108 352 4183 datae
367 4105 448 4183 sunt
467 4110 611 4205 claves,
636 4108 738 4185 sicuti
754 4105 889 4275 gitium
912 4104 991 4177 estr-
1011 4100 1109 4180 Vobis
1125 4104 1201 4176 dolo
1220 4100 1323 4216 claues

813 4225 833 4298 3
1184 4224 1273 4296 regni
