3317 4900
474 445 858 524 Cossusursrrus
882 467 934 523 nr
957 401 1229 526 Ms'ruururr:¹
1306 455 1399 539 ili·

311 595 388 704 [ai,
419 609 615 703 &reliqua
673 608 778 706 Legis
797 609 841 683 de
856 608 897 692 se,
909 607 1070 682 testantis
1087 608 1236 705 gloriam
1250 621 1380 700 pratu·

314 711 381 802 llt,
412 729 489 802 quo
512 710 699 806 imaginem
721 711 758 781 in
782 709 817 782 se
833 708 962 782 futurae
976 710 1139 808 ueritatis
1154 705 1380 800 express’erat.

315 808 358 885 In
367 811 533 883 omnibus
542 810 636 884 enim
647 807 774 881 Christi
785 809 1023 882 meditabatur
1032 808 1237 883 adventum.
1267 801 1380 902 Quid·

271 977 274 986 .
319 906 875 1001 quidenimineacontinebatur,
901 905 1379 1002 inprofeibumnanifestan·
1432 976 1434 979 ,

316 1011 372 1084 dae
386 1012 460 1101 ejus
483 1008 702 1106 cognitionis
722 1007 912 1082 assumtum
929 1006 991 1083 est.
1046 1010 1156 1104 jubet
1170 1008 1276 1104 igitur
1292 1027 1382 1100 prae-

271 1113 278 1188 Ξ
319 1113 434 1201 ceptis
456 1106 706 1182 Pharisaeorum
732 1110 996 1201 obtemperari,
1024 1110 1114 1199 auia
1132 1109 1168 1180 in
1186 1105 1305 1199 Moyir
1323 1128 1379 1182 ca·

271 1239 279 1290 ε
318 1210 446 1281 thedra
457 1207 628 1282 sederint:
650 1208 756 1301 jubet
767 1210 1212 1305 legismandatisomnibus
1225 1203 1379 1300 obediri,

271 1341 281 1392 ι
320 1307 379 1383 sed
396 1306 528 1381 abactis
545 1327 669 1383 eorum
686 1323 791 1399 atque
808 1310 979 1402 operibus
995 1305 1180 1393 abstineri3
1203 1322 1246 1400 ut
1259 1325 1380 1382 mores

320 1410 507 1483 hominum
528 1421 635 1499 atque
657 1404 866 1499 infidelitas,
900 1428 976 1481 non
999 1408 1087 1502 legis
1107 1405 1268 1480 doilrina
1288 1409 1381 1481 vite·

271 1543 283 1594 ι
321 1523 392 1587 tur.
430 1504 1383 1604 lpfiesimsubditosrbipopulograviffinalegisonera

271 1645 283 1698 ι
320 1611 526 1702 imponunt,
551 1628 598 1680 ne
616 1607 763 1701 digitum
782 1607 923 1696 quidem
936 1605 1033 1684 suurn
1042 1607 1292 1703 contingendis
1303 1607 1388 1700 ipsu

272 1749 281 1796 :
322 1710 572 1781 admoventes.
633 1708 730 1806 Quin
754 1707 860 1779 etiem
882 1707 1094 1798 precipiunt
1116 1706 1312 1780 Dominum
1336 1725 1383 1780 ex

272 1853 284 1896 .
321 1821 410 1881 toto
435 1807 546 1879 corde
571 1805 687 1902 diligi,
729 1806 984 1899 &proximum
1005 1818 1181 1897 tamquam
1200 1806 1235 1880 se
1255 1807 1381 1880 amaria

272 1928 285 2001 p
321 1908 384 1997 ipss
408 1904 592 1978 adversum
615 1908 701 2002 legis
727 1906 787 1979 srbi
808 1908 888 1978 latae
909 1903 1173 1999 testimonium,
1212 1908 1329 1980 Deum
1345 1909 1384 1982 in

280 2051 284 2098 ξ
324 2005 466 2078 Christo
482 2004 692 2096 paffionibus
705 2006 967 2097 persequentes.
1021 2005 1227 2080 Verborum
1238 2027 1384 2098 quoquc

272 2135 283 2204 g
325 2102 467 2178 suorum
485 2105 632 2201 gloriam
652 2120 828 2194 tamquam
849 2104 1053 2197 philacteria
1066 2108 1275 2196 dilatantes,
1308 2107 1384 2197 qui·

272 2257 281 2304 ,
324 2206 392 2279 bus
421 2205 505 2277 vitas
530 2219 669 2276 aeternae
691 2203 815 2277 arrilor
839 2205 937 2278 Deus
964 2227 1038 2278 non
1063 2206 1104 2277 lit
1122 2204 1319 2279 rosellanus
1346 2207 1383 2280 in

272 2357 281 2407 Ε
326 2303 483 2394 Chrirlo,
510 2301 650 2394 seseque
664 2325 709 2375 ex
723 2303 1111 2400 honorelegisemillos
1123 2302 1386 2396 tamquamfim·

273 2458 281 2507 ,
325 2406 420 2479 brias
438 2425 482 2477 ex
504 2403 602 2478 veste
613 2402 855 2498 magnificent,
882 2406 1298 2502 quitotiuslegisignari,
1324 2426 1386 2481 ne·

325 2526 396 2597 que
417 2522 551 2595 opera,
584 2524 700 2593 neque
725 2505 896 2577 virtutem
913 2506 988 2595 ejus
1003 2505 1106 2597 ipsius
1125 2510 1210 2603 legia
1230 2526 1387 2603 agnove-

272 2656 281 2709 ,
327 2605 419 2677 rint:
445 2616 601 2677 amantes
615 2604 749 2696 primos
766 2605 951 2677 accubitus
965 2607 1000 2678 in
1018 2607 1215 2689 conviviis,
1241 2609 1300 2698 qni
1313 2607 1386 2702 igni

274 2742 279 2775 r
327 2719 464 2776 aeterno
491 2700 800 2797 (convivantibus
825 2705 946 2794 potius
973 2727 1052 2779 cum
1072 2703 1251 2782 Abraham
1273 2708 1389 2803 genti·

273 2802 279 2811 '
327 2801 425 2898 bus)
453 2802 687 2893 deputantur:
721 2802 897 2896 &primas
917 2806 1101 2877 cathedras
1121 2807 1159 2881 iu
1176 2796 1388 2903 lynagogis‘,

326 2901 390 2994 ipll
409 2900 593 2975 doblorcm
610 2900 706 2975 suum
725 2899 1010 3000 secundumlegis
1023 2904 1322 2998 &prophetarum
1337 2919 1391 2981 te·

273 3036 279 3057 ·
324 3002 718 3077 stimonianescientes:
744 3001 1233 3098 sedusaiutarioneamforo,
1261 3009 1389 3099 quibus

327 3102 506 3176 humilitas
522 3102 641 3175 cordis
656 3100 921 3177 &ministerium
931 3109 966 3179 in
977 3126 1100 3181 omncs
1110 3104 1391 3199 estimperatum.

329 3202 468 3275 Vocari
486 3204 592 3276 etiam
611 3205 653 3274 ab
671 3204 874 3276 hominibus
889 3204 1036 3301 magistri
1049 3206 1195 3297 volunt,
1222 3205 1393 3281 dostrinoe

331 3302 419 3396 legis
434 3302 558 3397 ignari,
584 3301 617 3373 br
632 3300 830 3395 magistrum
848 3301 964 3379 salutis
980 3320 1161 3401 perpetua
1172 3305 1391 3399 respuentes.

333 3400 427 3498 Quae
452 3402 533 3491 quia
554 3401 673 3473 omnia
692 3400 843 3492 profana
861 3420 967 3496 atque
981 3404 1147 3498 perversa
1168 3404 1304 3498 ellent,
1342 3405 1393 3481 fa·

333 3496 910 3579 borumimirationedannantur.
960 3504 1395 3600 Legisautemaudientia,

334 3598 370 3671 u
383 3596 565 3713 'diuorum
583 3588 922 3695 obedientia,'quia
941 3604 1114 3680 Christum
1128 3606 1393 3701 loquebantur,

333 3713 499 3795 exigitur.
921 3750 925 3755 -
1145 3712 1149 3719 '

437 3820 470 3874 a.
496 3797 633 3874 Verum
651 3800 688 3872 in
711 3804 931 3879 contrarium
952 3801 1130 3892 discipulis
1144 3804 1215 3894 jam
1231 3801 1267 3877 se
1288 3801 1397 3879 sclan-

335 3899 433 3973 tibus
448 3898 561 3970 totius
577 3900 781 3973 humilitatis
796 3919 975 3999 praecepta
992 3902 1231 3985 consummat,
1263 3917 1303 3976 ut
1320 3922 1398 3978 mo»

333 4000 504 4078 minerint
519 4018 645 4071 omnes
664 3999 791 4074 fratres
807 4004 877 4077 elle
890 4004 943 4095 se,
975 4004 1012 4076 ld
1027 4002 1097 4083 est,
1121 4002 1217 4077 filios
1238 4003 1398 4096 parenti!

334 4102 464 4199 unius,
497 4098 531 4177 u
548 4120 613 4197 per
630 4121 739 4178 nove
762 4106 962 4181 nativitatis
975 4107 1244 4206 pausationem
1263 4104 1400 4187 terreni

801 4203 830 4284 F
844 4207 863 4282 f
882 4226 907 4303 5
1243 4220 1348 4291 utus
