3317 4900
296 471 395 566 rw
462 469 481 494 ²
660 443 1046 570 8.Hrunnrt

323 624 397 704 elle
420 626 517 700 intra
532 620 652 699 Deum
673 623 874 718 docentur,
907 623 990 699 dum
1011 622 1115 698 D'eue
1129 619 1199 697 elle
1217 622 1256 698 in
1275 628 1397 701 omni·

324 729 394 804 bus
413 723 645 821 predicatur,
677 723 761 813 dum
779 723 947 800 immensa
971 724 1392 819 &incomprehensibilis

326 841 456 903 natura
472 825 568 899 intus
587 839 695 917 atque
712 838 814 899 extra
828 845 997 918 manent,
1023 825 1129 899 locos
1147 843 1288 917 omnen,
1317 827 1394 919 q'ui·

326 927 396 1003 buc
423 925 601 1000 contineri
625 924 752 1019 polilt,
786 926 950 1000 excedat.
1010 924 1178 999 Mirabile
1203 922 1256 999 est
1271 923 1395 1001 Deum

327 1028 463 1118 ubique
479 1023 571 1116 ella,
597 1022 821 1118 &nusquam
843 1023 980 1111 abeffe3
1006 1024 1042 1097 in
1060 1025 1226 1098 omnibus
1240 1023 1333 1116 elle,
1359 1026 1396 1101 dt

328 1139 450 1201 totum
469 1122 561 1211 elica
598 1124 632 1197 dt
652 1138 753 1197 extra
768 1125 874 1199 locos
893 1145 934 1198 ac
949 1137 1112 1220 tempora
1127 1143 1196 1218 pro
1216 1122 1398 1203 infinitate

329 1239 440 1316 atque
459 1225 661 1298 'eternitate
684 1221 742 1298 sua
768 1221 905 1318 semper
932 1221 1013 1301 elle.
1074 1224 1161 1298 Hoc
1182 1223 1399 1319 mirificum,

331 1325 406 1401 hoc
431 1324 702 1415 confortatum,
737 1323 772 1396 id
797 1322 870 1418 est,
904 1324 977 1400 stne
1006 1319 1153 1400 infirmis
1171 1323 1244 1421 jam
1265 1326 1399 1400 intelli·

328 1425 459 1528 gentiae
478 1426 653 1518 opinione
667 1420 857 1502 lirrnatunr.
1328 1506 1331 1512 ,

277 1555 281 1564 ·
333 1551 341 1560 ·
437 1545 492 1619 17·
517 1522 587 1597 Sed
608 1523 691 1614 quid
708 1522 759 1597 est
776 1522 882 1612 illud,
908 1513 1006 1618 q'uod
1022 1522 1174 1599 dicitur:
1198 1527 1401 1621 Nmporerc

303 1676 305 1679 -
331 1625 374 1702 ad
394 1618 488 1698 eam?
527 1621 742 1720 Unigenitua
768 1623 853 1700 nit:¹
871 1619 1020 1710 Omnia,
1057 1643 1136 1716 quar
1153 1623 1266 1698 Patria
1287 1621 1400 1718 suut,

331 1745 411 1802 mea
427 1722 528 1809 suut3
554 1724 607 1796 &2
640 1720 740 1798 Sicut
755 1723 860 1796 Pater
879 1722 986 1796 habet
1001 1723 1112 1797 vitam
1127 1725 1162 1798 in
1182 1719 1399 1818 semetiplb:

305 1903 308 1916 ,
332 1822 388 1900 lta
409 1823 442 1895 ἃ
461 1821 553 1898 Filio
567 1822 666 1898 dedit
684 1824 795 1898 vitam
810 1823 943 1896 habere
958 1823 993 1893 in
1009 1819 1214 1919 semetips03
1240 1822 1293 1896 dt:
1318 1820 1399 1896 Sic·

296 1956 300 1963 ¹
332 1937 375 1998 ut
389 1920 494 1997 Pater
512 1920 675 1999 viviticat
689 1938 877 2010 mortuos,
912 1922 960 1993 ita
977 1919 1155 2016 titilius,
1180 1942 1271 2014 quos
1286 1923 1401 2017 vult‘,

335 2017 504 2097 vivilicat
526 2021 703 2109 similiter;
741 2019 793 2095 &t
840 2017 919 2117 Ego
943 2022 976 2095 dr
1000 2020 1106 2096 Pater
1133 2042 1244 2098 unum
1267 2021 1403 2101 sumus.

334 2120 447 2199 Nulla
468 2122 639 2197 discretio
657 2119 843 2213 potestatis
866 2122 902 2195 in
929 2121 1051 2195 verbis
1072 2120 1144 2215 est,
1179 2122 1276 2196 nulla
1291 2122 1403 2199 etiam

337 2219 541 2296 differentia
558 2221 703 2316 virtutis
725 2222 760 2293 in
775 2217 874 2294 tante
892 2220 954 2300 est.
1006 2223 1117 2319 Quod
1133 2242 1244 2295 unum
1261 2220 1403 2316 sumus,

335 2321 499 2420 plerique
518 2317 795 2415 irreligiosorum
814 2319 859 2392 ad
872 2322 1073 2395 voluntatis
1089 2336 1226 2396 tanturn
1242 2341 1403 2395 concor·

335 2421 653 2498 dirmretnlerunt.
678 2418 1021 2495 ‘Sedcumdlciturr
1049 2422 1402 2514 Veloperibusmeis

336 2522 493 2610 credite,
528 2523 609 2612 quia
624 2519 726 2594 Pater
739 2524 776 2596 in
791 2542 871 2605 me,
898 2522 930 2593 dt
948 2543 1017 2616 ego
1029 2523 1064 2595 in
1080 2521 1205 2612 Patre,
1231 2542 1309 2596 non
1325 2538 1403 2597 tau·

335 2635 413 2694 tum
429 2621 628 2694 voluntatis
643 2621 773 2712 unitas,
799 2618 858 2696 sed
871 2623 1118 2697 etiam-divine
1128 2623 1273 2697 virtutis
1283 2621 1405 2696 osten·

338 2722 445 2796 ditur.
506 2719 602 2814 Ergo
629 2722 869 2810 cumomnia,
904 2742 980 2813 quae
999 2720 1103 2794 Pater
1116 2720 1244 2816 faeiat,
1279 2723 1404 2796 omnia

336 2818 445 2896 faciat
460 2820 491 2890 dt
508 2818 638 2905 nitran
672 2821 794 2893 eadem
808 2823 904 2894 enim
927 2821 1013 2894 facit
1033 2821 1207 2911 ssmiliter3
1242 2843 1405 2914 quaeren·

337 2919 420 2992 dum
441 2917 505 3009 est,
530 2919 612 3009 quid
633 2919 686 3006 fit,
713 2920 810 3011 quod
827 2919 954 2993 ditium
970 2922 1029 2996 sit:
1057 2925 1136 2995 Non
1148 2938 1254 3018 potero
1269 2926 1402 3000 adeam,

338 3016 408 3092 Sed
425 3038 504 3090 curn
521 3020 645 3091 audior
671 3018 774 3093 Pater
789 3023 901 3105 major
913 3042 969 3093 me
983 3020 1052 3108 est;
1081 3022 1281 3096 &rursume
1310 3021 1403 3096 Non

335 3116 459 3213 potest
477 3117 584 3190 Filius
603 3116 758 3193 lacerea
780 3117 814 3192 se
833 3120 1042 3210 quidquam,
1070 3121 1129 3194 nid
1148 3121 1244 3212 quod
1267 3122 1403 3196 viderit

337 3216 479 3293 Patrem
502 3216 715 3308 facientem3
742 3220 817 3292 haec
833 3219 915 3294 mihi
928 3220 1195 3313 intelligentiam
1208 3219 1405 3316 suggerunt

337 3317 418 3390 dieti
434 3319 557 3408 huius:
585 3323 663 3392 Non
676 3336 781 3414 potero
798 3322 837 3391 ad
856 3343 933 3392 eam.
986 3318 1045 3391 Est
1058 3322 1151 3394 enim
1168 3319 1271 3393 Pater
1284 3323 1402 3414 major

335 3416 452 3509 Filio,
482 3415 539 3489 sed
558 3433 598 3491 ut
617 3431 717 3508 pater
739 3416 836 3507 lilio,
868 3423 1125 3515 generatione,
1151 3441 1225 3492 non
1248 3441 1403 3514 genere:

335 3513 430 3590 filius
455 3517 549 3591 enirn
573 3515 648 3606 est,
680 3518 713 3589 dr
738 3539 782 3594 ex
806 3539 853 3591 eo
876 3519 1001 3594 exivit.
1069 3519 1113 3591 Et
1137 3522 1222 3593 licet
1241 3535 1402 3610 paterne

335 3617 616 3712 nuncupationis
630 3618 830 3711 proprietas
851 3617 1011 3707 differat,
1043 3633 1162 3693 tamen
1180 3636 1306 3691 natura
1325 3640 1402 3694 non

237 3776 242 3790 .
337 3714 478 3790 differt:
509 3729 613 3789 natus
631 3720 724 3789 enim
744 3738 763 3790 a
783 3717 866 3789 Deo
886 3717 1004 3809 Deus,
1029 3741 1103 3795 non
1127 3719 1290 3793 diffimilis
1315 3718 1404 3794 esta

335 3816 504 3911 gignente
525 3814 724 3896 substantia.
786 3816 874 3888 Non
899 3817 1019 3910 potest
1039 3838 1127 3913 ergo
1147 3820 1188 3891 ad
1214 3841 1318 3912 eum,
1357 3841 1404 3893 ex

337 3934 413 4004 quo
431 3913 503 4004 est,
529 3918 704 4006 exaequari
768 3914 861 4004 Nam
881 3919 1040 4009 quamvis
1055 3921 1143 3992 alter
1155 3921 1190 3992 in
1205 3922 1323 3990 altero
1335 3935 1398 4011 per

335 4014 551 4089 uniformem
581 4037 623 4088 nc
647 4015 789 4089 similem
818 4017 975 4106 ejusdem
1001 4034 1136 4092 nature
1160 4020 1309 4113 gloriam
1329 4038 1401 4093 rna·

336 4127 443 4199 neat,
477 4125 597 4190 tamen
614 4116 646 4189 dr
662 4138 707 4188 ex
727 4136 800 4205 quo
815 4118 956 4212 genitus
977 4117 1048 4215 est,
1075 4139 1151 4196 non
1166 4121 1346 4207 exaequari
1364 4121 1403 4195 in

280 4213 548 4340 “irridetur
563 4213 690 4313 polle,
715 4216 966 4316 quodgcnuit.
1221 4227 1276 4301 18·
1303 4217 1355 4306 Et
