3317 4900
226 545 230 588 a
357 489 443 552 aunt
502 445 513 456 ’
590 430 1193 550 svnn‘m.cm'sneonm.
1283 447 1291 482 ”

462 631 582 724 Hujus
606 633 740 706 erroris
762 630 1000 725 suspicionem
1015 631 1157 708 Hiiatio
1172 577 1269 705 hauci
1284 626 1441 704 difficule.

227 791 230 810 ··
363 725 422 829 tc'r
440 749 629 842 conflabit,
656 752 715 843 qui
728 748 864 824 rursum
879 752 973 828 hanc
992 749 1220 844 subjectionis
1228 747 1359 826 Christi
1371 751 1441 828 dec¹

228 871 231 934 i
364 874 569 950 finitionem
593 893 639 945 ex
663 872 726 956 libi
755 869 880 980 113de
897 870 1031 950 Trinit.
1056 870 1166 968 §35
1191 872 1236 946 ab
1258 869 1442 964 adjunctis·

229 1055 232 1096 ;
366 992 727 1071 divulsam'adducct:
759 990 978 1083 „Subietiio
996 993 1166 1068 etiam-ea
1184 988 1259 1083 est,
1286 1011 1366 1083 que
1381 990 1442 1066 esb

229 1101 232 1206 ζ
368 1138 415 1191 ex
434 1129 562 1188 natura
581 1114 798 1186 inmaturam
814 1111 1016 1191 concessio»
1047 1111 1166 1186 dum-c
1181 1110 1238 1204 sc,
1264 1112 1364 1203 quod
1381 1111 1435 1188 est

229 1209 233 1254 ²
367 1234 552 1323 desinens,
578 1233 611 1306 ei
638 1233 843 1327 subjicitur,
866 1231 967 1324 cujus
984 1231 1161 1306 concedit
1175 1232 1213 1305 in
1229 1229 1432 1307 formam.“

227 1335 233 1402 3
368 1354 486 1431 Immo
508 1355 568 1444 qui
585 1355 679 1429 hanc
694 1353 867 1448 audierit,
902 1372 1020 1445 prope
1036 1372 1114 1448 non
1128 1354 1282 1451 ambiget
1294 1373 1372 1428 eam
1388 1354 1446 1427 ab»

229 1519 232 1566 2
364 1473 574 1573 'Augustino
599 1495 677 1568 cap.
699 1495 757 1569 37.
779 1487 911 1548 contra
931 1469 1035 1551 serm.
1058 1471 1185 1552 Anien.
1203 1475 1345 1565 notati,
1369 1472 1436 1548 ubi

235 1585 237 1590 ’
294 1635 299 1643 -
369 1596 438 1671 ait:
466 1584 682 1692 „Quamvis
698 1611 777 1668 non
791 1593 986 1686 defuerint,
1011 1597 1072 1684 qui
1083 1596 1179 1671 iilam
1193 1607 1271 1670 tum
1283 1591 1348 1669 filii
1358 1592 1437 1668 sub·

208 1718 212 1733 '
365 1712 563 1807 jettionem
602 1714 709 1806 ipfiuc
745 1714 911 1790 humane
944 1711 1071 1789 sormae
1097 1717 1135 1788 in
1169 1715 1333 1792 divinam
1355 1714 1447 1789 suin.

370 1834 534 1911 stantiam
559 1833 891 1908 cummutationem
911 1818 1178 1931 intelligendam
1203 1838 1437 1931 putaverintt

369 1969 541 2048 tanquam
554 1955 628 2031 hac
644 1951 697 2027 rei
713 1953 844 2047 cuique
860 1951 1080 2048 subjiciatur,
1104 1955 1205 2049 quod
1213 1956 1251 2031 in
1264 1977 1341 2033 eam
1352 1974 1448 2029 ner·¹

227 2175 231 2184 .
316 2075 733 2156 ¹tituritmutatur.“
819 2127 821 2132 -

382 2250 389 2258 .
473 2173 612 2269 Verum
635 2193 807 2269 concidet
818 2192 918 2269 simul
940 2196 1056 2271 omnia
1075 2190 1251 2292 suminio,
1276 2199 1338 2272 ubi
1353 2218 1437 2275 cum

372 2317 488 2389 carnis
506 2317 679 2413 glorium,
704 2311 808 2387 illesa
821 2314 927 2409 ipsius
941 2317 1303 2409 veritateproedicare
1319 2318 1440 2392 osten·

329 2534 332 2540 μ
371 2435 540 2516 decimus.
591 2433 641 2509 Et
657 2451 732 2509 uta
750 2432 971 2529 subjectione
984 2437 1174 2512 exordium
1190 2435 1267 2534 fiat,
1295 2452 1450 2515 enarrat

371 2557 435 2631 lib.
458 2578 513 2632 11.
540 2557 719 2651 duplicem
734 2555 825 2650 eise,
845 2558 1008 2652 primam
1020 2556 1200 2632 obediencie
1218 2560 1356 2652 &flam
1389 2562 1448 2632 aie

227 2706 229 2711 ·
370 2688 485 2751 teram
506 2680 572 2753 ¹vel
595 2675 812 2769 concefflmis,
844 2679 907 2752 vel
931 2680 1168 2755 demutationis.
1218 2677 1316 2755 Tum
1342 2678 1448 2753 hanc

229 2798 233 2847 ἵ
372 2802 408 2890 §.
428 2794 707 2889 35.-s1c.definit=
733 2799 833 2891 „Est
849 2820 896 2877 ex
913 2814 1041 2878 natura
1058 2801 1095 2873 in
1112 2813 1276 2875 naturam
1292 2798 1441 2874 conces·

324 2988 326 2992 ,
372 2916 448 3008 fio,
475 2917 558 2993 dum
579 2940 599 2991 a
617 2917 666 3012 se,
693 2917 886 2998 secundum
902 2921 1000 3012 quod
1023 2918 1074 2994 est
1090 2920 1263 3014 desinens,
1290 2917 1441 3012 eisubji·

228 3026 232 3063 ¹
269 3054 274 3065 ·
374 3030 492 3129 citur,
524 3038 624 3130 cujus
649 3040 817 3114 concedit
837 3043 874 3117 in
895 3043 1108 3130 formam;“
1138 3040 1242 3114 utad
1262 3041 1452 3117 cautelam

351 3156 354 3161 ’
374 3168 495 3231 tamen
508 3164 676 3252 protinus
694 3161 885 3258 adjungat:
920 3162 1097 3256 „Desinit
1112 3177 1252 3255 autem,
1285 3185 1382 3240 nm,
1398 3174 1442 3234 et

372 3302 441 3349 non
459 3278 522 3384 fit,
548 3277 607 3351 sed
621 3292 662 3350 ut
679 3277 867 3375 proficiam
893 3281 1009 3375 fitque
1028 3303 1074 3357 eu
1094 3281 1341 3355 demutatione
1361 3277 1439 3353 sub·

374 3399 482 3487 ditus,
507 3396 1452 3498 inspeciemsutceptiaiteriusgeneristranseundost·

477 3519 532 3595 Ita
550 3520 612 3592 ubi
626 3521 714 3592 loco
728 3520 800 3612 jam
816 3522 934 3595 relato
950 3527 1041 3614 επις.
1057 3544 1115 3611 40.
1128 3521 1291 3595 asseruit:
1316 3517 1454 3611 „Non'

209 3657 211 3668 ·
308 3678 310 3685 =
377 3639 445 3713 alia
464 3639 689 3734 subiectionis
715 3640 905 3735 causaest,
939 3661 1044 3734 quam
1061 3654 1102 3713 ut
1125 3641 1246 3713 omnia
1263 3639 1299 3712 in
1324 3643 1451 3714 omnia

376 3761 443 3834 bus
466 3760 565 3834 Deus
590 3761 653 3853 sit,
687 3762 785 3835 nulia
805 3784 850 3867 ex
873 3776 974 3855 parte
991 3762 1123 3834 terreni
1145 3761 1182 3832 in
1200 3780 1247 3833 eo
1271 3764 1451 3853 corporis·

209 3894 212 3903 ’
235 3870 237 3879 '
324 3904 326 3909 ·
377 3877 712 3972 tentamentum,
736 3894 780 3954 ut
792 3895 875 3954 ante
891 3882 928 3954 in
946 3881 981 3954 se
998 3881 1090 3952 duos
1109 3879 1316 3974 continens,
1342 3896 1452 3955 nuno'

209 3987 226 4052 i·
274 4060 276 4064 .
379 3997 482 4071 Deus
506 4013 644 4076 tantum
662 4000 721 4074 sit:
740 4001 768 4043 ‘⁶
793 4021 941 4095 pravam
962 3999 1232 4094 intelligentiam
1249 4022 1294 4073 ex
1313 4000 1453 4093 priori-⁵

376 4119 444 4193 bus
469 4121 539 4236 iilis
564 4123 685 4195 verbis
711 4119 914 4197 nascentem
936 4135 1064 4196 enecat
1080 4120 1136 4195 his
1155 4119 1441 4216 posterioribus:

482 4264 484 4268 ·
524 4244 527 4251 '
897 4256 901 4263 ·
1266 4236 1394 4333 „Nun
