3317 4900
333 449 625 544 moranus
651 449 700 525 in
724 439 977 527 cxxxvii.
1003 443 1238 529 essenon.
1292 457 1362 534 181

292 611 497 692 hominibus
516 626 655 689 ttntum
670 611 901 705 prasentibus
919 607 1060 705 psallat:
1076 612 1175 704 'quia
1192 613 1358 688 homines
1433 701 1435 706 ,

291 713 537 808 corporalium
554 725 712 786 «tantum
743 714 974 809 negotiorum
1005 708 1122 785 officia
1156 709 1359 806 inspiciunt.

289 813 333 890 In
358 835 405 886 eo
431 813 543 904 enim,
580 813 678 902 quod
698 808 832 905 psallit,
866 824 1005 885 motum
1030 812 1254 909 complacita
1271 812 1357 887 Deo

291 911 705 1008 operationisostendit.
768 910 860 985 Non
887 932 996 1007 ergo,
1032 932 1110 1003 quae
1132 911 1302 986 videntur
1319 914 1359 993 in

291 1032 474 1104 corpore,
502 1015 598 1084 cerni
614 1012 802 1085 desiderit:
829 1010 888 1083 sed
906 1033 968 1103 ea,
995 1031 1072 1101 qttae
1087 1010 1286 1105 spiritaliter
1297 1032 1360 1086 na·

292 1112 560 1204 turaespiritales
572 1126 807 1203 contuentur,
834 1109 1121 1207 gereresestinat.
1172 1109 1248 1183 Scit
1261 1113 1359 1190 enim

293 1211 330 1286 se
357 1210 417 1282 sub
446 1209 583 1300 specula
609 1209 835 1307 Angelorum
862 1213 973 1284 vitam
996 1231 1141 1285 omnem
1163 1231 1357 1303 moresque

294 1310 481 1407 agere‚‘&
498 1313 630 1400 ubique
652 1311 727 1382 haec
744 1311 949 1384 divinorum
970 1308 1245 1385 ministeriorum
1260 1312 1359 1385 auxi·

289 1412 339 1485 lia
358 1406 521 1482 fidelibus
544 1409 678 1480 tundis
701 1409 867 1494 asistere,
893 1424 934 1482 ut
952 1409 1204 1504 scriptumest:
1239 1408 1358 1508 Ange-

290 1511 347 1583 lus
362 1508 510 1582 Domini
524 1510 559 1580 in
573 1510 726 1579 circuitu
741 1511 942 1583 timentium
960 1531 1051 1585 eum.
1102 1511 1235 1605 Legem
1250 1513 1358 1588 etiam

292 1609 416 1700 Moysi
432 1609 467 1680 in
486 1629 593 1681 manu
613 1608 829 1680 Mediatoris
851 1629 914 1698 per
935 1607 1095 1705 Angelos
1120 1608 1220 1686 fuisse
1237 1609 1359 1702 dispo·

293 1707 393 1783 sitam
415 1708 527 1781 docet
549 1706 761 1801 Apostolus.
826 1706 999 1780 Necnon
1017 1709 1050 1781 dt
1068 1704 1202 1782 Eliseus
1221 1707 1359 1782 absolu·

292 1807 419 1881 tissime
444 1808 593 1902 docuit,
628 1808 796 1881 humanas
814 1804 1039 1879 infirmitates
1059 1806 1281 1904 Angelorum
1299 1829 1359 1882 au·
1401 1807 1404 1812 ’

292 1906 389 1979 siliis
415 1906 576 1995 defendi,
615 1908 703 1979 &in
725 1909 892 1980 omnibus
912 1907 1100 1998 periculis,
1137 1907 1162 1979 s1
1184 1906 1271 1982 fides
1287 1929 1360 1982 ma·

294 2006 553 2093 neatinnobis‚
574 2005 898 2099 adeslespiritalium
909 2002 1359 2085 virtutumdelentlonem.

296 2103 464 2195 Namque
480 2124 561 2176 cum
577 2104 658 2176 Rex
673 2106 784 2197 Syriae
800 2129 929 2200 capere
950 2106 1049 2180 Geth
1067 2107 1212 2196 urbem,
1239 2108 1360 2198 inqua

295 2202 392 2277 idem
415 2199 550 2276 Eliseus
570 2203 753 2296 Propheta·
773 2205 880 2297 esset,
916 2219 1079 2298 pararet,
1118 2204 1151 2277 dt
1175 2204 1359 2281 nostutnis

296 2303 485 2377 itineribus
501 2306 698 2376 exercitum
715 2304 826 2396 suum,
853 2307 911 2394 qui
932 2321 1014 2379 ante
1030 2307 1147 2378 lucem
1160 2306 1285 2378 urbem
1295 2308 1360 2379 ob·

295 2403 444 2483 fideret,
476 2400 695 2492 destinasset3
728 2425 818 2497 puer
840 2401 950 2481 Elisei.
966 2403 1155 2500 conspetta
1172 2402 1361 2479 obsidione

298 2504 406 2577 dixit:
441 2501 476 2575 O
495 2504 674 2597 Domine,
701 2504 785 2594 quid
802 2505 1002 2579 faciemus?
1033 2503 1081 2579 Et
1098 2505 1187 2577 dixit
1205 2503 1360 2579 Eliseust

296 2601 388 2675 Noli
404 2602 548 2676 timere:
576 2606 656 2694 quia
672 2607 791 2695 plures
811 2603 892 2679 sunt
910 2606 1127 2698 nobiscum,
1154 2625 1257 2695 quam
1280 2624 1361 2681 tunt

297 2701 378 2776 illis.
423 2698 473 2772 Et
490 2705 611 2774 oravit
629 2701 764 2776 Eliseus
779 2704 823 2777 ad
842 2704 1059 2799 Dominum,
1086 2704 1120 2777 dt
1139 2703 1248 2778 dixit:
1285 2702 1362 2779 Ad·

299 2800 419 2892 aperi,
451 2798 633 2894 Domine,
658 2805 787 2876 oculos
807 2806 909 2896 pueri
926 2804 1053 2896 hujus,
1079 2804 1262 2880 &videat
1312 2798 1363 2877 Et
1423 2895 1428 2901 ι

296 2900 484 2992 adaperuit
507 2901 683 2974 Dominus
708 2907 837 2976 oculos
857 2905 980 2996 pueri,
1015 2905 1050 2977 dt
1071 2904 1184 2996 vidit,
1220 2904 1362 2977 &ecce

296 3020 402 3075 mons
423 3012 499 3072 etat
516 3002 641 3093 plenus
652 3006 754 3094 equis
776 3000 809 3075 dt
826 3006 989 3076 curribus
1005 3004 1042 3075 in
1059 3020 1151 3099 gyro
1173 2999 1301 3093 Esses,
1327 3002 1363 3083 Q

297 3096 559 3172 descenderunt
577 3101 618 3173 ad
630 3124 706 3177 eos.
756 3102 1167 3179 Tantusdttamnobilis
1179 3101 1363 3197 Propheta

296 3194 393 3273 solus
426 3202 737 3293 contemplatione
761 3205 975 3275 auxiliorum
1000 3201 1208 3295 spiritalium
1235 3200 1362 3294 dignus
1432 3272 1435 3277 .

295 3296 367 3371 est:
393 3298 451 3370 sed
469 3301 590 3372 oratio
606 3303 680 3392 ejus
694 3303 737 3375 ad
749 3301 947 3375 Dominum
959 3302 1071 3376 visum
1081 3302 1364 3393 incorporalium

299 3398 406 3469 etiam
422 3418 537 3490 puero
553 3399 616 3472 suo
630 3402 771 3475 meruit.
823 3402 863 3473 ln
881 3404 1009 3475 horum
1023 3401 1131 3498 igitur
1139 3398 1363 3475 assistentium

300 3496 1363 3595 humanisauxiliisrlngelorumconspedlupsalletl'ropheta,

302 3594 512 3685 spiritalibus
533 3596 738 3692 spiritalium
757 3620 908 3693 operum
927 3601 1239 3694 contemplatione
1255 3598 1364 3692 placi·

301 3706 417 3767 turus.

403 3794 438 3868 6.
463 3794 532 3867 Sed
546 3817 621 3871 non
638 3798 749 3872 solnm
765 3818 887 3872 coram
904 3796 1052 3896 Angelis
1068 3797 1205 3891 psallet,
1231 3793 1290 3869 sed
1300 3794 1367 3869 eti·

302 3912 358 3966 am
383 3890 442 3983 id,
480 3899 578 3984 quod
598 3897 775 3991 sequitur,
812 3896 960 3972 efficiet:
999 3897 1138 3971 Adoralo
1156 3896 1195 3967 od
1218 3896 1367 3990 templum

296 3990 446 4085 filasiana
462 4009 574 4083 tuum3
601 4018 674 4071 non
693 4001 730 4071 in
745 3999 898 4089 templo,
924 3996 1065 4087 nequid
1078 3994 1368 4071 secundumcon-

301 4086 527 4168 suetudinem
544 4096 748 4189 Judaeorum
774 4099 1015 4269 cffiporalitet
1038 4098 1141 4194 loqui
1163 4095 1375 4264 νὶἀοτοῑὲιζ,ι

869 4218 889 4294 3
