3317 4900
385 469 690 553 'Teucrique
715 463 1239 555 m..cxt1v.1>setumt
1291 493 1363 574 275
1421 469 1424 474 ¹

296 633 336 720 di
353 638 570 724 miserationes
590 641 655 734 ejus
671 635 767 732 super
783 638 890 706 amnia
906 639 1088 734 operarius.
1139 634 1252 736 Quod
1265 639 1362 718 enim

294 736 516 838 potensest,
542 745 677 811 nature
692 734 759 807 suae
783 738 900 809 virtus
918 736 985 809 est:
1010 735 1109 828 quod
1128 755 1245 813 autem
1262 739 1363 814 mise·

292 847 410 914 ricota
434 837 505 929 est,
544 835 662 908 salutis
687 836 816 908 nostrae
836 834 1019 929 proicitur
1040 837 1102 912 est.
1162 833 1227 910 Er
1252 857 1360 914 etue

294 963 398 1023 esu,
424 957 501 1010 non
522 933 669 1028 fuitum,
696 933 753 1008 sed
770 936 845 1007 aliis
861 934 1067 1029 praestitisse,
1095 955 1172 1029 quae
1188 933 1247 1011 sua
1260 934 1359 1018 sunta

295 1059 403 1132 atque
416 1039 500 1130 ideo
521 1035 661 1128 prestat
679 1036 807 1108 ceteris
823 1034 893 1109 Del
912 1038 1083 1130 operibus
1103 1033 1359 1132 misericordia,

297 1144 379 1232 quia
398 1131 582 1234 magnifica
601 1133 677 1228 eius
699 1133 866 1228 operatio
886 1137 1031 1210 virtutis
1046 1135 1114 1214 sue
1129 1154 1187 1212 rct
1204 1137 1268 1231 est,
1295 1131 1359 1216 mi·

294 1239 486 1314 sericordia
501 1253 594 1308 vero
613 1235 688 1328 ejus
704 1233 786 1307 usur
801 1235 935 1309 alienus
952 1231 1014 1310 est.
1402 1249 1406 1266 ¹

402 1342 455 1410 16.
483 1337 543 1410 ob
566 1335 663 1428 quod
683 1349 861 1427 tamquam
882 1333 918 1407 in
944 1338 1046 1429 apice
1062 1329 1135 1438 ipse
1153 1332 1357 1412 divinarum

295 1441 345 1513 ob
360 1432 635 1512 misericordiam
651 1433 793 1507 laudum
812 1435 993 1528 Propheta
1010 1433 1223 1528 consistens,
1261 1436 1358 1510 debi-

294 1552 371 1613 tum
394 1537 477 1611 Deo
491 1537 671 1610 honorem
694 1533 808 1605 ueluti
826 1535 977 1627 publicae
992 1533 1221 1611 consessionis
1239 1536 1359 1624 osten·

296 1641 362 1731 dit,
386 1636 528 1710 dicent:
558 1636 867 1725 confiteanturribi,
897 1637 1041 1724 Domine,
1067 1643 1357 1734 omniaoperatuq

296 1739 335 1817 θ’
351 1735 455 1826 scattisi
473 1740 524 1808 tui
538 1738 754 1827 confiteantur
771 1733 840 1807 tibi.
898 1733 1039 1806 Gloriam
1058 1743 1147 1831 regni
1162 1741 1213 1808 reti
1231 1741 1356 1824 dicent,

295 1841 335 1918 Θ
348 1843 522 1930 potentiam
544 1851 632 1908 tunm
649 1834 838 1930 loquentur}
872 1850 912 1905 ut
931 1851 1040 1904 notam
1053 1834 1185 1926 fociant
1195 1835 1281 1927 filiis
1302 1839 1358 1908 ito·

296 1949 423 2011 minent
438 1945 615 2032 potentiam
630 1952 729 2022 ruam,
756 1933 795 2011 θ
803 1933 936 2028 gloriam
950 1936 1282 2030 magnificmtiaregns
1294 1939 1358 2011 tui·

298 2039 439 2129 Regnum
460 2041 701 2105 suumomniunr
710 2036 892 2124 seculorum,
917 2031 958 2111 si
972 2037 1360 2110 dominatioruar‘nomni

291 2140 495 2234 generatione
516 2132 555 2210 U
574 2139 725 2230 progenie.
785 2133 927 2232 Dignus
953 2133 1169 2230 prophetica
1187 2137 1360 2230 magnilo·
1404 2211 1407 2216 ,

297 2239 442 2330 quentia
465 2232 560 2307 ordo
582 2231 756 2306 ditiorum
783 2229 844 2307 est.
895 2232 1019 2328 Opera
1042 2235 1160 2309 Deum
1179 2231 1359 2308 confiten-

297 2351 374 2411 tur:
409 2353 511 2426 quam
530 2327 737 2430 magnificus
758 2329 931 2424 enims1t‚
966 2353 1117 2428 operum
1134 2335 1168 2407 it
1188 2350 1360 2408 creature

294 2426 790 2535 magnificentia'confitetur.
852 2430 922 2507 Sed
935 2428 1362 2517 confitenturusanttt,

297 2542 424 2631 quibus
442 2530 591 2609 teresse
607 2536 782 2632 dignatur.
835 2528 997 2608 Gloriam
1008 2551 1048 2609 re
1098 2535 1361 2627 {eloquuntur-t

296 2658 344 2712 ne
362 2640 526 2732 ignorata
546 2653 623 2707 non
644 2630 861 2707 defidetetur
877 2631 1000 2710 usuris.
1049 2552 1362 2730 ffitgnificentiam

299 2755 444 2830 quoque
464 2735 586 2906 gotiae
607 2732 706 2831 tegni
728 2732 794 2806 Dei
814 2730 999 2807 nuntiant:
1032 2753 1079 2807 ne
1094 2732 1301 2828 desperetur
1317 2754 1362 2817 ee·

296 2848 412 2911 terna.
502 2838 679 2907 ominatos
696 2834 802 2907 etiam
822 2830 1196 2930 ingenerationem&
1217 2852 1364 2932 genera·

296 2936 435 3009 tionem
452 2930 668 3007 ostenditur:
695 2946 735 3005 ut
755 2928 789 3005 se
813 2930 1010 3007 dominatui
1025 2933 1199 3031 intelligat
1214 2946 1363 3008 coaeter·

297 3054 390 3111 nam.
452 3029 576 3125 Atque
597 3033 647 3106 ita
673 3030 838 3129 cognitio
861 3034 929 3109 Dei
946 3032 982 3109 in
1004 3032 1174 3129 operibus
1189 3030 1261 3126 est,
1290 3032 1364 3107 san·

297 3137 439 3229 storum
460 3128 616 3206 officium
643 3132 679 3206 in
707 3129 868 3205 doetrina
892 3132 965 3225 est,
1004 3133 1205 3228 prophetiae
1227 3128 1307 3205 usus
1326 3134 1363 3206 in

296 3232 553 3330 predicatione
576 3230 649 3325 est,
685 3232 784 3328 regni
804 3230 918 3325 gloria
934 3234 971 3306 in
987 3235 1188 3308 eternitate
1204 3232 1365 3307 domina·

297 3346 356 3407 tus
378 3332 448 3426 est,
476 3329 677 3405 dominatus
695 3332 874 3405 eternitas
890 3353 955 3407 eos
974 3329 1115 3407 necesse
1135 3330 1186 3408 est
1205 3331 1364 3425 habeat,

300 3432 337 3506 in
357 3452 447 3525 quos
466 3448 589 3528 agatur
605 3446 769 3505 aeternus.

385 3552 457 3625 ry.
485 3532 609 3624 Atque
636 3530 679 3605 ad
705 3530 740 3603 iel
763 3525 889 3623 spebus
912 3522 1077 3607 fidelibus
1101 3529 1364 3626 expetendum,

301 3626 1143 3726 adhortatiomophetacontinuosubjenaest:
1173 3632 1366 3703 melione.

300 3737 410 3804 minus
421 3738 456 3801 in
463 3729 648 3822 verbisjuis,
658 3726 1259 3827 sifitniiusinomniiutoperiirtsuit.
1271 3728 1367 3803 Ver.

300 3830 432 3906 borum
447 3823 822 3925 fidesfortenutaret,
847 3831 908 3906 nist
921 3829 1081 3907 saunitas
1093 3829 1265 3924 operibor
1279 3828 1368 3905 esset

301 3932 469 4006 admixta.
516 3922 1368 4027 Atqueitasanttitasinoperibus,fidemconfu·

299 4048 375 4109 mat
391 4027 574 4104 irrueritis:
600 4024 1368 4129 utdesaniiifideinpromiffitnontmbsgar,

301 4132 404 4231 cujqr
426 4126 609 4208 sanctitate
626 4132 735 4206 uteris
754 4132 791 4205 in
801 4131 928 4305 gebun
977 4128 1014 4206 st
1026 4120 1369 4299 enimsanigugffl
1404 4186 1407 4191 .

850 4248 873 4305 t
