3317 4900
208 4248 240 4414 [f.

294 492 331 564 ,4
645 461 681 542 S.
732 459 1078 541 Hrtanii'

261 621 274 642 ⁰
303 628 393 729 legia
407 624 468 715 srt,
493 627 590 702 alius
605 625 656 700 ob
677 626 909 701 accedentem
927 625 970 700 ad
984 626 1167 704 sabbatum
1183 626 1371 726 oscaram,

305 751 385 826 quae
401 726 435 801 dt
453 727 566 821 prima
580 725 648 801 est:
673 724 955 822 Evangeliorum
974 727 1036 818 sit,
1069 728 1167 802 hunc
1184 751 1374 808 numerum

305 830 519 904 convenire.
569 825 638 900 Per
657 845 734 918 quae
760 846 886 900 eorum
903 827 1126 901 canticorum
1149 829 1241 921 quast
1262 832 1373 927 Legit

243 937 248 946 '
305 915 639 1024 &Evangeliorum
654 924 819 1021 gradibus
834 924 878 998 ed
894 923 1046 999 coeiestia
1062 947 1151 1010 nos,
1187 930 1221 1002 dt
1238 944 1372 1008 eterna

305 1026 596 1103 conscendimus:
630 1024 892 1122 cognoscentes
926 1026 1163 1100 collocandos
1188 1048 1257 1103 noc
1288 1050 1369 1106 curn

303 1128 442 1203 summo
460 1125 657 1199 Sacerdote
680 1127 716 1198 in
733 1123 955 1216 celestibus,
992 1125 1016 1199 st
1033 1140 1152 1200 tamen
1176 1126 1370 1205 secundom

303 1226 522 1321 Apostolum
540 1223 767 1299 conversatio
784 1223 905 1298 nostra
923 1226 959 1297 in
977 1227 1073 1305 coelia
1088 1226 1141 1302 stt.
1192 1227 1274 1302 Hos
1293 1251 1370 1325 gra·

303 1327 821 1415 dusca'nticorumquaeramus,
847 1343 914 1419 per
926 1344 1018 1415 quos
1033 1322 1201 1401 scandere
1213 1329 1367 1423 edinen,

303 1447 381 1521 quae
398 1425 478 1502 sunt
496 1420 854 1520 sanctorum,'·saneia
869 1423 1046 1518 poffimus.
1104 1423 1251 1500 Ardnuc
1271 1431 1369 1504 enim

300 1547 418 1619 usque
436 1528 472 1599 in
497 1523 591 1597 ea&
615 1520 748 1618 augusti
772 1524 907 1596 itineris
931 1519 1089 1598 ascensus
1106 1524 1168 1601 est.
1223 1524 1369 1604 Gradus

302 1625 505 1720 quindecim
525 1620 627 1697 fuisse
650 1621 776 1696 scimus
796 1625 834 1695 in
857 1623 1013 1720 temploa
1030 1623 1197 1718 xpsalmos
1219 1647 1367 1719 quoqne

346 1725 474 1798 aduum
495 1722 698 1814 quindecim
719 1722 880 1817 legimur.
932 1722 1154 1800 Numerosua
1170 1723 1222 1799 est
1234 1726 1294 1799 hic
1305 1728 1368 1802 de·

327 1826 458 1901 deratae
476 1823 569 1896 iliius
585 1821 677 1918 seclia
689 1821 859 1897 ascensus.
909 1819 1022 1896 Forte
1038 1826 1152 1917 enim,
1176 1826 1265 1899 utin
1277 1840 1367 1906 tem·

298 1925 365 2019 plo
384 1923 577 2019 paulatim,
603 1922 637 2015 dt
658 1941 722 2015 per
738 1920 867 2017 gradui
883 1919 1040 2018 finguior
1054 1923 1365 2002 conscendebatur

301 2024 345 2098 a'd
367 2021 495 2117 santia,
520 2025 569 2097 ita
580 2041 646 2115 per
661 2021 815 2118 iugulor
830 2017 1044 2114 psaimorum
1059 2024 1382 2117 profectusdoce·

283 2123 438 2217 bimur,
474 2123 529 2197 hir
551 2122 738 2218 gradibus,
776 2121 835 2212 qui
853 2134 1044 2195 cantantur
1061 2121 1228 2217 ascensis,
1249 2124 1363 2219 posse

299 2241 370 2298 nos
387 2224 424 2299 in
440 2221 586 2296 exceifia
606 2220 640 2292 dr
658 2217 803 2313 sanctie,
830 2221 1021 2295 &eternis
1040 2225 1227 2298 collocari.

401 2345 437 2418 7.
461 2321 584 2397 Plures
607 2333 726 2417 autem
754 2319 854 2411 sunt,
892 2322 953 2414 qui
968 2322 1006 2394 in
1030 2321 1364 2416 hitpsaimissolnm

299 2424 548 2519 captivitatem
560 2419 701 2516 populi,
728 2438 796 2513 qua
808 2420 846 2493 in
861 2417 1061 2514 Babylonia
1069 2420 1291 2520 septuaginta
1299 2423 1362 2502 an·¹

297 2525 353 2598 nis
368 2524 536 2598 detentus
557 2519 626 2612 est,
658 2517 860 2594 existiment
878 2521 1149 2614 prophetatam
1179 2523 1239 2598 sed
1256 2526 1290 2599 ἂ
1306 2547 1364 2601 re.

298 2622 412 2698 ditum
444 2623 571 2718 populi
606 2618 765 2712 eiusdem
801 2640 882 2693 cum
913 2619 1171 2699 restauratione
1201 2626 1362 2702 civitatis

299 2720 436 2797 amisse.
505 2721 648 2822 Quibus
677 2732 775 2794 nunc
797 2739 875 2794 non
901 2722 1166 2801 calumniamur.
1227 2724 1361 2817 Neque

298 2821 395 2896 enim
418 2821 628 2918 ambigitur,
658 2817 877 2912 Prophetam
907 2842 970 2913 ea,
1005 2843 1083 2912 que
1100 2823 1274 2917 impietati
1294 2826 1360 2899 hu·

293 2921 352 3014 jur
367 2921 493 3013 populi
508 2920 749 3010 imminerent,
774 2917 863 2991 scire
880 2918 1045 3011 potuisse.
1095 2921 1165 2996 Sed
1183 2943 1286 3014 quam
1301 2946 1361 2999 ca-

294 3019 502 3115 ptivitatem
525 3018 674 3114 populi,
716 3017 873 3111 &cujus
900 3018 1057 3092 civitatis
1082 3017 1359 3102 edificationem

294 3116 477 3212 Propheta
504 3129 786 3208 commemoret,
827 3115 891 3212 ipsi
913 3115 1033 3212 psalmi
1061 3121 1167 3194 nobis
1191 3120 1358 3199 auctores

296 3228 430 3318 erunt,
453 3219 579 3313 quiite
597 3229 794 3311 coeperunt.

505 3552 1109 3657 rannmnscmn

619 3746 809 3869 §anticum
833 3753 1016 3849 graduum.

366 3902 596 3992 rsDo‘mintrnr,
629 3899 909 3994 mmrribnlarer,
938 3903 1097 3981 clamavi:
1121 3901 1163 3983 ὕ
1182 3905 1378 3981 nandec-

390 4026 446 4074 ηε.
503 4005 639 4076 Domine
654 4001 754 4075 siben
779 4006 917 4075 animem
937 4027 1036 4076 meam
1056 4032 1078 4078 a
1097 4005 1192 4078 lobiis
1208 4012 1350 4105 iniquit,

287 4097 329 4205 (ἶ
349 4103 495 4199 atingun
509 4105 619 4226 dolose.
673 4101 765 4197 Μ
780 4103 873 4177 darer
891 4101 975 4195 risi,
1004 4121 1064 4183 atri
1080 4107 1157 4205 Μ
1169 4123 1350 4280 ‘'prinas“
