3317 4900
365 477 614 550 Pnonocus
639 496 688 547 ru
715 477 857 550 case.
884 497 1102 567 uoruoac.
1128 499 1264 555 osso.
1337 505 1378 574 3,·

298 701 300 708 .
322 677 326 688 ·
388 655 424 726 5.
450 631 541 707 Erat
554 654 706 728 namque
724 635 784 708 illa
802 633 992 708 sicerdotii
1008 637 1090 726 lex,
1116 658 1219 729 quam
1237 639 1359 714 secun·

289 737 375 813 dum
400 736 489 830 legis
514 733 775 809 observantiam
793 736 829 827 in
856 732 1057 829 Evangelio
1076 737 1192 810 Lucas
1212 738 1273 812 sub
1293 737 1356 833 Jo-

289 838 393 912 annis
421 833 584 928 Baptista
605 837 796 908 nativitate
813 834 1002 930 diligenter
1024 835 1210 929 exposuit,
1247 841 1355 911 nemi·

289 959 377 1011 nern
394 936 431 1007 in
447 933 559 1008 santra·
573 932 772 1009 sandorum
789 935 993 1025 ascendere,
1020 935 1083 1010 nisi
1097 939 1156 1026 qui
1169 935 1356 1029 essetprin·

290 1059 383 1129 ceps
400 1031 643 1125 sacerdotum,
670 1034 905 1149 eumdemque
921 1047 1007 1106 toto
1021 1035 1071 1106 in
1074 1056 1171 1108 anno
1185 1057 1259 1110 uno
1281 1051 1352 1109 tan·

290 1151 370 1210 turn
393 1136 461 1211 die.
522 1135 613 1232 Qua
634 1135 754 1206 omnia
779 1134 816 1207 iu
839 1127 1100 1208 similitudinem
1117 1151 1223 1207 antea
1241 1136 1354 1231 geste,

290 1237 330 1309 in
350 1255 423 1307 uno
441 1234 603 1308 Domino
625 1232 749 1307 nostro
769 1235 914 1327 expleta
930 1232 1020 1323 esse,
1060 1223 1198 1308 &fides
1215 1235 1357 1328 nostra,

293 1335 328 1409 u
354 1331 426 1427 ipse
446 1333 637 1408 Dominus
653 1334 791 1406 nobis
780 1355 816 1406 rn
843 1331 1045 1429 Evangelio
1060 1332 1185 1406 nudor
1203 1332 1272 1426 est,
1308 1336 1357 1407 di·

290 1456 393 1508 cena:
420 1432 512 1508 Non
525 1453 608 1504 venr
600 1434 736 1527 legem
752 1431 908 1523 solvere
935 1433 994 1506 sed
1008 1434 1213 1528 adimplere
1254 1429 1356 1524 Apo-

288 1534 401 1609 stolus
421 1552 568 1624 quoque
588 1552 731 1605 omnem
755 1530 1098 1609 consummationem
1118 1534 1231 1630 segis
1220 1555 1257 1608 an
1279 1533 1357 1607 Do·

290 1638 390 1709 mino
406 1631 533 1705 nostro
550 1628 630 1725 Jesu
646 1629 786 1704 Christo
802 1629 871 1703 esse
887 1631 1054 1716 testatur,
1080 1634 1222 1707 dicens:
1259 1631 1365 1721 Finis!

292 1737 386 1807 enirn
407 1733 494 1828 legis
515 1729 673 1808 Christus
690 1728 751 1805 est.
804 1730 874 1802 Sed
895 1732 1002 1806 &hie
1022 1734 1115 1808 idem
1135 1732 1257 1806 David
1271 1755 1355 1825 pro·

290 1836 402 1929 pheta
423 1849 594 1906 eternum
614 1851 697 1905 eum
713 1829 937 1909 sacerdotem
957 1831 1086 1925 docet,
1120 1833 1260 1908 dicens:
1293 1830 1330 1904 Γ
1331 1853 1355 1904 u

289 1955 330 2008 es
346 1931 512 2005 sacerdos
527 1933 565 2003 in
585 1943 757 2005 eternum
777 1929 970 2005 secundum
990 1932 1153 2006 ordinem
1167 1929 1357 2018 Melchise-

290 2034 398 2106 dech.
457 2031 527 2103 Hic
545 2030 652 2125 igitur
669 2028 1083 2126 princepstacerdorum
1097 2030 1265 2126 ingressus
1286 2049 1355 2114 cue·

289 2135 373 2222 ios,
400 2127 522 2202 sedens
543 2129 586 2202 ad
605 2132 787 2205 dexteram
799 2131 892 2223 Dei,
920 2150 1028 2204 orans
1045 2132 1087 2203 ad
1103 2130 1265 2224 Patrem,
1291 2146 1354 2224 ut,

291 2231 355 2304 ubi
371 2227 431 2302 ilie
446 2226 552 2320 esset,
586 2228 622 2300 dt
637 2250 707 2301 nos
725 2250 870 2321 quoque
888 2227 1059 2319 essemus,
1096 2232 1156 2322 qui
1174 2229 1207 2302 dr
1224 2234 1356 2310 excita-

292 2333 362 2424 vit,
389 2329 643 2403 &collocavit
657 2348 726 2402 nos
742 2332 779 2402 in
796 2327 1013 2404 celestibus:
1038 2331 1100 2403 ille
1107 2332 1178 2423 jam
1193 2351 1257 2424 per
1269 2330 1357 2403 Pro·

291 2432 647 2525 phetammonuerat,
674 2428 939 2522 quibusmodis,
966 2431 1354 2526 quibusquevitaeope-

291 2531 491 2603 rationibus
512 2525 651 2601 ascendi
666 2526 782 2620 posset
800 2532 845 2602 ad
859 2526 940 2605 sese.
990 2530 1061 2603 Sed
1078 2551 1142 2623 per
1160 2527 1293 2603 Esaiam
1305 2532 1357 2605 ita

293 2630 361 2702 ait:
396 2628 758 2720 Lavamini‚=mundi
775 2628 925 2719 estote‚·
953 2630 1092 2703 auferte
1110 2631 1287 2719 nequitias
1309 2632 1354 2703 ab

292 2729 419 2803 animis
434 2726 559 2801 uestris
573 2748 594 2799 e
612 2726 804 2822 conspeiiu
817 2728 1008 2803 oculorum
1024 2750 1205 2802 meorum:
1219 2729 1353 2817 ‚desini-

291 2842 331 2900 te
358 2850 378 2898 a
405 2827 546 2901 malitiis
563 2826 710 2920 vestris,
749 2826 872 2901 discite
893 2829 1029 2901 bonurn
1049 2829 1192 2922 facere,
1232 2830 1353 2925 enqui-

289 2929 360 3007 rite
378 2926 570 3018 iudicium,
604 2928 719 3001 eruite
739 2928 902 3019 injuriam
919 2928 1173 3020 accipientem,
1193 2928 1353 3020 judicate

291 3028 452 3121 pupilio,
476 3026 510 3099 u
520 3025 711 3119 justificate
724 3029 888 3113 viduam3
909 3027 955 3099 u
970 3032 1094 3101 venite
1115 3027 1353 3119 disputemus,

293 3128 381 3199 dicit
392 3125 822 3219 Dominusomnipotens.
875 3126 923 3201 Hi
934 3124 1354 3223 suntigiturgradusper·

292 3225 375 3300 ferti
394 3227 487 3298 illius
509 3228 702 3318 aeternique
719 3226 866 3318 tempii,
900 3225 1176 3322 quosPrinceps
1193 3224 1353 3301 sacerdo·

293 3338 368 3399 tum
387 3323 477 3398 fasir
494 3346 558 3418 per
572 3324 774 3420 sanguinem
793 3323 1134 3417 suumpeccatorurn
1147 3325 1353 3400 nostrorum

290 3426 553 3519 propitiatione
578 3424 833 3517 transcendit,
860 3424 973 3499 modo
996 3428 1130 3500 terreni
1152 3426 1290 3520 exlege
1306 3421 1354 3496 sa·
1378 3432 1380 3441 '

292 3525 474 3604 cerdotis,
506 3523 566 3596 seu
590 3525 754 3621 gradibus
780 3527 815 3597 in
833 3523 1031 3601 feudorum
1056 3525 1169 3601 sanos
1187 3523 1354 3597 scanden-

290 3625 364 3717 tis,
391 3622 449 3695 seu
466 3625 638 3697 litationis
652 3621 800 3696 hostiam
815 3645 883 3716 pro
901 3628 1040 3717 populo
1059 3624 1259 3699 offerentis.

396 3728 430 3799 ό.
458 3722 515 3796 Ac
537 3725 581 3796 de
603 3723 802 3814 quindecim
825 3725 977 3815 quidem
970 3726 1164 3821 gradibus,
1193 3721 1354 3817 &super-

290 3822 489 3917 scriptione
511 3824 639 3897 cantiei
661 3824 786 3938 jamin
806 3826 960 3897 exordio
983 3820 1220 3916 psalmorum,
1256 3836 1354 3915 tum,

292 3944 377 3999 eum
394 3921 509 3997 sermo
526 3925 570 3998 de
583 3924 761 4014 numeris,
788 3924 822 3996 dc
841 3924 886 3996 de
901 3923 1277 4016 superscriptionibus
1268 3924 1356 3993 rnci·

291 4025 368 4115 dir,
407 4024 522 4114 aliqua
538 4023 785 4113 trasiavimus‚
822 4044 868 4097 ex
889 4025 1030 4096 duobus
1044 4023 1178 4097 scilicet
1198 4023 1354 4097 numeris

289 4122 540 4223 hebdomade,
567 4124 828 4300 bregdum,A
823 4142 978 4215 quorum
997 4144 1099 4213 unus.
1105 4126 1158 4201 ob
1172 4121 1359 4199 sabbatum

334 4230 374 4281 se
855 4246 877 4303 2
1078 4252 1081 4260 *
1226 4219 1333 4319 iero
