3317 4900
397 446 686 526 Tnacraaus
710 464 761 519 ru
786 440 974 520 CXLIV.
1001 441 1236 523 Psatuum
1286 468 1358 543 apr

292 716 368 806 ao,
390 604 1360 802 lelildtlnlllntlilllillllnlli

292 814 376 904 est,
390 811 518 903 quibus
541 829 560 880 a
579 805 841 879 constitutione
856 806 978 880 mundi
998 808 1075 877 vita
1093 805 1127 878 u
1142 804 1258 881 sensus
1278 809 1360 885 fuis·

291 914 369 1013 set,
390 910 583 999 futuraque
599 903 706 989 ellat,
733 901 996 995 consequenter
1010 903 1178 998 subjecit:
1216 912 1359 983 Genera.

291 1021 338 1087 alo
355 1011 564 1104 &generatio
580 1006 724 1077 laudabit
736 1027 826 1102 opera
845 1020 912 1080 aaa.
964 1003 1055 1079 Non
1069 1007 1195 1098 utique
1212 1029 1360 1105 genera·
1432 1073 1437 1080 .

292 1109 465 1187 tiones&
482 1105 756 1205 generationes,
782 1124 860 1197 quac
878 1105 912 1177 dt
927 1106 1167 1200 temporibus,
1194 1106 1228 1180 dr
1243 1113 1359 1205 genti.

293 1214 362 1288 bus
379 1209 497 1286 multu
514 1220 622 1297 atque
639 1203 795 1279 adversa
811 1201 912 1294 sunt3
938 1203 997 1278 sed
1010 1214 1189 1304 generatio,
1216 1229 1293 1303 quae
1311 1214 1357 1286 ab

293 1311 477 1386 Abraham
499 1306 628 1399 coepit,
662 1323 740 1400 qua
764 1323 830 1398 per
854 1304 987 1401 fignum
1002 1306 1280 1383 circumcisionis
1298 1311 1359 1386 de-

294 1425 442 1508 putatur
466 1409 503 1481 in
529 1405 689 1501 Legem3
726 1402 766 1481 o
786 1410 967 1498 generatio,
1002 1424 1080 1496 quae
1104 1424 1304 1482 renovatur
1319 1412 1359 1489 in

296 1507 463 1601 Christo,
491 1525 569 1598 quae
582 1523 628 1578 ex
644 1502 812 1576 dodrinis
827 1501 1050 1596 propheticis
1067 1501 1110 1579 ad
1126 1499 1232 1582 fidem
1249 1531 1360 1586 evan·

293 1612 415 1708 gelicae
426 1599 691 1701 justificationis
704 1602 899 1677 instruitur.
949 1600 1085 1679 Harum
1095 1604 1203 1704 igitur
1212 1630 1362 1707 genera·

294 1713 436 1785 tionum
450 1705 636 1800 proprium
653 1700 726 1775 est:
752 1700 822 1774 Dei
842 1719 954 1794 opera
975 1704 1128 1781 laudare.

397 1815 430 1890 8.
455 1805 608 1880 Laudari
637 1821 750 1895 opera
769 1799 840 1875 Dei
865 1821 942 1873 non
970 1803 1036 1873 alia
1052 1807 1145 1879 ratio
1163 1805 1359 1908 admonet,

296 1927 401 2003 quam
427 1902 526 1996 quod
544 1902 665 1977 omnia
680 1904 725 1977 ab
745 1920 792 1975 eo
809 1911 983 1996 potenter
999 1900 1127 1979 effecta
1143 1905 1238 1983 lunt:
1278 1914 1361 2003 quia

295 2005 517 2104 preconium
532 2004 683 2091 habeat,
714 2020 790 2076 non
812 2001 943 2093 aliquid
960 2000 1083 2099 egilde,
1109 2002 1169 2079 sed
1189 2024 1364 2100 potenter

301 2104 418 2276 egibffe.
478 2099 529 2176 Et
550 2102 636 2175 ideo
651 2097 820 2195 subjecitt
859 2103 907 2174 lit
920 2107 1096 2199 potentiam
1116 2122 1206 2178 raam
1217 2129 1361 2205 pronun»

317 2214 350 2278 la
370 2215 445 2277 und.
1060 2251 1063 2256 ,

298 2225 315 2282 t
398 2325 432 2397 9.
457 2296 528 2377 Sed
553 2295 720 2396 potentia
744 2315 895 2391 operum
921 2316 963 2372 ea
987 2295 1365 2399 demumpraedicanda

295 2401 370 2501 est,
395 2421 473 2499 quac
491 2421 548 2478 ma
573 2397 762 2475 nificentiae
781 2414 988 2490 exaequetur
1008 2404 1210 2495 operantis:
1236 2422 1277 2483 ut
1296 2431 1363 2504 po·

295 2508 406 2582 tentis
422 2425 694 2600 magnllffcentiae
713 2510 846 2594 potent
860 2501 1079 2597 intelligatur
1094 2511 1272 2597 operatio.
1300 2511 1362 2591 Ob

299 2606 398 2701 quod
416 2598 665 2692 consequitur:
693 2598 972 2693 Magnfictntlam
987 2605 1155 2700 majejiatis
1176 2624 1248 2682 tua.

402 2723 458 2777 10.
484 2701 554 2774 Sed
574 2692 861 2799 magnificentia,
887 2693 932 2785 sr,
958 2702 1056 2794 quod
1076 2704 1112 2777 in
1131 2700 1166 2779 sa
1186 2704 1258 2799 est,
1285 2716 1363 2784 tan·-

298 2817 375 2879 tum
395 2803 457 2878 stbi
478 2799 620 2890 habeat,
647 2800 755 2875 habet
768 2799 1055 2892 admirationem,
1080 2824 1156 2878 non
1170 2806 1364 2882 habetlau·

298 2903 400 2979 dem:
436 2900 470 2973 u
497 2893 615 2974 otiosa
640 2900 715 2972 aliis
741 2899 792 2973 est
813 2902 975 2992 potentis
1004 2908 1190 2995 operatio,
1223 2910 1364 3001 ninpar

242 3064 254 3093 ,
298 2994 713 3177 ἓρζῐεῐὲῑίεὲεηὲὶίῑρῑῖω
725 2995 822 3171 utsurm
834 3000 988 3174 aglimquerm
1001 3020 1046 3173 etat
1061 3002 1193 3174 seEissin
1221 3010 1280 3100 qul
1290 3010 1365 3081 lau·

324 3123 457 3194 aun,
533 3119 820 3193 amrraunu,
895 3120 942 3193 pe
977 3122 1039 3175 re.
1124 3121 1363 3197 xquocom·

325 3216 467 3277 etenter
489 3200 563 3274 hoc
584 3198 756 3292 sequitur:
794 3201 840 3270 lit
853 3198 1061 3288 fontinatam
1080 3216 1169 3275 tuam
1183 3210 1362 3303 loquantur.

297 3220 349 3376 {t
366 3300 525 3375 sanctitas
545 3296 685 3391 quidem
702 3298 773 3390 jam
793 3299 889 3370 bona
906 3296 977 3391 est,
1003 3317 1120 3390 neque
1137 3318 1275 3379 tantum
1299 3302 1364 3381 libi

300 3395 465 3494 proficit:
491 3417 610 3491 neque
627 3396 714 3488 hoc,
741 3396 1022 3488 quodenseeln
1049 3401 1144 3476 intra
1156 3400 1252 3477 usum
1264 3422 1364 3481 com·

300 3498 400 3573 modi
421 3500 559 3595 proprii
583 3491 770 3570 consumit.
821 3492 915 3572 Nam
935 3500 1062 3592 etiam,
1096 3504 1138 3574 ad
1156 3522 1365 3596 provocan-

302 3597 442 3670 damin
469 3593 504 3671 se
527 3599 676 3672 aliorum
700 3588 996 3692 beneficentiam,
1030 3594 1220 3677 sanditatis
1236 3598 1364 3681 offietn

299 3693 373 3770 sose
389 3692 461 3788 ipsa
481 3695 719 3772 commendat.
782 3693 853 3768 Sed
876 3699 962 3771 nihil
983 3699 1028 3773 de
1045 3697 1080 3772 se
1097 3702 1240 3797 dignum
1258 3704 1367 3781 adm·

298 3797 443 3870 tatione
463 3795 661 3888 prestabit,
696 3796 719 3869 st
737 3793 799 3869 fibi
816 3792 891 3870 sola
909 3796 961 3873 stt.
1012 3800 1065 3872 At
1081 3816 1175 3875 vero
1191 3802 1265 3876 hoc
1279 3804 1365 3899 pto·

298 3897 416 3991 prium
439 3896 490 3969 est
506 3897 540 3968 dt
556 3896 760 3971 admirabile
780 3894 985 3981 sanctitatis,
1009 3900 1188 3995 cumbae,
1215 3905 1367 3999 quadiu

298 3994 336 4070 se
351 3995 423 4083 est,
461 3993 616 4069 in‘usum
632 3995 807 4088 aliorum,
846 3996 973 4092 qulbus
995 3997 1045 4070 est
1063 3992 1199 4093 sanda,
1233 4018 1366 4079 conca·

300 4095 381 4172 dat:
404 4093 477 4193 ipsa
493 4096 614 4190 aliquo
628 4113 706 4173 non
721 4113 847 4194 egent,
872 4095 1047 4175 nififortc
1060 4116 1128 4196 par
1141 4104 1367 4219 beneuolen-
