3317 4900
208 495 214 507 '
286 499 347 561 ιιι
423 513 429 526 ·
523 480 1124 568 sonnencnrsrscon'rrn.

379 643 528 719 Contra
550 652 583 741 §.
599 657 658 735 52.
681 642 763 720 fidei
775 643 947 722 'Ecclefiae
966 648 1036 723 sese
1052 651 1229 725 adherere
1243 643 1353 747 profi-

290 778 415 854 tetur,
450 786 528 857 quae
559 765 802 859 „apostolicis
824 768 961 857 imbute
985 768 1155 844 doctrinis
1182 774 1290 847 novit
1314 774 1352 847 in
1384 807 1387 812 ·

251 901 256 912 ·
274 884 434 986 ¹Christo
452 886 701 979 nativitatem,
715 884 791 959 ‘sed
805 887 948 982 ignorat
964 891 1173 982 exordium
1198 887 1269 964 scit'
1284 892 1355 965 dir«

286 1004 554 1103 pensationem,
586 1004 645 1079 sed
662 1005 774 1079 nescit
794 1007 1004 1083 divisionem
1031 1068 1040 1087 .
1067 1045 1079 1087 .·
1103 1067 1114 1087 .
1135 1031 1205 1084 nec
1224 1013 1351 1105 triper-

287 1128 354 1200 tita
371 1123 546 1203 Christum
571 1122 643 1199 fide
663 1125 808 1219 scindit,
844 1130 945 1220 cujus
964 1130 1226 1226 desupertexta
1243 1129 1350 1223 vestie

286 1242 420 1321 ensem
435 1248 517 1340 est,
539 1237 580 1319 tn
596 1245 712 1342 Jesum
731 1244 905 1322 christum
924 1247 957 1322 o
976 1229 1290 1347 rn'verbum‚‘o
1311 1253 1350 1327 n

287 1372 458 1457 enimam,
486 1366 575 1440 &in
596 1373 727 1460 corpur
747 1361 931 1443 incidat.“
1000 1420 1002 1425 -
1220 1396 1224 1404 ·

390 1475 494 1587 Quid
504 1506 617 1580 porro
634 1483 697 1581 est,
724 1488 823 1576 quod
833 1486 1007 1564 dictumst
1032 1492 1351 1588 „Scitdispmsan'e-

250 1593 252 1597 ⁵
286 1636 379 1698 erem,
400 1611 453 1699 sed
466 1607 564 1698 nescit
584 1607 780 1700 divisionem,
790 1612 794 1626 ’
805 1609 971 1701 proxime
988 1609 1184 1710 premittit,
1201 1603 1349 1704 ‘Ensefiae

283 1734 361 1823 tides
382 1720 476 1799 novit
500 1734 537 1798 in·
559 1727 932 1821 Christenatsvstatem,
945 1727 1011 1818 ‘sed
1027 1733 1347 1823 ignorarexordirrm3

285 1853 349 1928 nisr
366 1862 406 1925 ut
421 1844 593 1943 significet
611 1837 804 1921 Ecclesiam
819 1826 1019 1945 montagis
1036 1848 1137 1923 nosse
1157 1852 1193 1923 in
1207 1841 1348 1943 ternpo-

284 1974 376 2047 raria
385 1966 511 2041 Christi
526 1965 907 2060 dispensationeullom
918 1964 1099 2042 divisronis
1110 1982 1347 2062 momentum,

287 2114 392 2184 quarn
413 2088 450 2162 in
470 2102 602 2164 aeterne
618 2088 710 2161 illius
725 2089 961 2183 generatione
974 2090 1085 2164 ullum
1101 2084 1272 2164 existendi
1284 2092 1348 2167 ini

251 2208 401 2287 tium?
520 2202 525 2210 ’
985 2265 987 2270 .

287 2363 289 2368 ·
382 2326 479 2402 Tum
497 2328 643 2403 eosdem
657 2324 787 2401 Christi
804 2325 979 2401 divisores
992 2328 1104 2400 acrius
1118 2325 1345 2428 persequenr,

252 2519 255 2527 .
286 2453 370 2552 '·„s1,
400 2450 517 2541 inquit
531 2454 569 2541 ς.
588 2451 669 2541 62,
695 2449 853 2544 ejusdem
871 2469 947 2543 vox
965 2463 1070 2541 atque
1084 2446 1199 2522 sermo
1214 2446 1285 2543 est,
1311 2446 1347 2524 se

283 2558 489 2648 derel'idum
504 2560 792 2659 conquerentis,
830 2564 920 2640 &se
943 2586 1090 2662 regnare
1114 2565 1342 2662 profitentis,

283 2691 474 2788 quotidem
492 2687 647 2762 nostram
662 2668 881 2759 infidelitatis
904 2688 1046 2759 ratione
1062 2687 1270 2772 dividimus,
1302 2703 1345 2763 ut

282 2836 361 2891 non
383 2813 476 2887 idern
497 2811 534 2882 in
552 2822 716 2915 ternpore
733 2789 920 2881 eodem'srt
937 2808 1121 2898 mortuus,
1158 2812 1216 2900 qui
1239 2810 1345 2885 &re-

213 2950 217 2977 ··
249 2931 434 3034 -ἐῐιεῑᾏς
475 2928 583 3027 Quasi
610 2929 768 3019 diceret,
807 2946 876 3006 cur,
892 2945 968 3000 non
995 2926 1122 2999 auditis
1143 2949 1164 3004 ‚a
1182 2927 1343 3017 Christor

209 3061 212 3068 ’
253 3041 255 3045 ’
284 3060 395 3139 Deus,
423 3056 511 3122 neus
527 3073 627 3134 meus,
650 3053 749 3146 quare
764 3071 810 3117 mr
825 3040 1040 3139 dereliquistis
1063 3042 1155 3119 Eum
1171 3040 1353 3135 dividitis„

255 3243 261 3254 ,
283 3193 327 3248 ec
343 3171 531 3244 divinitate
545 3166 696 3254 asseritis
710 3163 942 3239 destitinum?
968 3163 1106 3240 Nonne
1124 3167 1183 3239 ilie
1197 3168 1268 3259 ipse
1281 3190 1343 3247 eo·

244 3338 246 3341 -
283 3293 366 3367 dem
389 3303 554 3383 ternpore
574 3287 706 3360 latroni
726 3287 833 3359 dixit:
867 3287 969 3357 Hodie
984 3309 1098 3355 mecum
1116 3292 1178 3357 eris
1196 3295 1233 3365 αξη
1246 3312 1342 3381 para-

283 3407 374 3501 dise?
397 3408 450 3481 At
467 3391 554 3481 duni
570 3421 740 3480 mortuus*
753 3406 898 3500 jacebat⁸
914 3406 949 3478 in
969 3406 1097 3498 terrie,
1124 3409 1159 3478 in
1177 3403 1339 3498 paradiso

283 3550 433 3632 regnare
449 3529 509 3620 qui
526 3528 669 3621 potuit,
692 3525 717 3599 s1
737 3525 905 3619 divisus,
918 3538 1025 3616 atque
1044 3549 1064 3600 a
1082 3524 1269 3600 divinitate
1282 3527 1341 3602 de·

281 3649 397 3725 sertus
418 3664 494 3722 tum
513 3646 633 3721 suerit.
1317 3676 1320 3683 .

219 3775 222 3780 ’
280 3820 286 3829 .
382 3764 473 3843 Eum
494 3770 599 3842 etiarn
621 3780 697 3869 tom
719 3763 869 3839 divissrm
892 3784 967 3838 non
984 3762 1103 3845 fuisse,
1134 3781 1211 3837 non
1229 3763 1339 3840 semes

279 3878 425 3978 repetit.
474 3886 568 3962 Nom
588 3885 773 3981 postquam
790 3883 821 3981 §.
840 3890 898 3962 60.
917 3886 1058 3959 monuit
1074 3883 1339 3981 distinguendae

278 4003 526 4098 essenorum,
553 4009 724 4104 aliamque
740 4005 931 4098 sepultam,
958 4007 1059 4077 aliern
1075 4001 1145 4078 esse
1161 4000 1338 4076 resuscita·

279 4139 374 4222 tem,
412 4146 455 4200 ac
468 4127 619 4221 perinde
643 4155 671 4222 ς,
690 4124 865 4233 sepultum
886 4145 963 4200 non
980 4138 1128 4227 putare,
1164 4102 1268 4214 qoem
1283 4145 1339 4199 re·

980 4276 987 4287 ·
1070 4311 1073 4317 .
1190 4240 1325 4317 sisci«
