3317 4900
324 432 416 533 nn:¹
542 424 1169 548 duraunm'carrtetonrru.

331 610 511 710 quoddam
525 611 689 712 distingui
704 614 891 690 hominum
904 635 1018 714 genua
1034 617 1399 712 interutrosquttne-

333 737 442 813 dium.
501 731 653 832 Singulis
672 735 779 810 etiam
798 729 932 826 sortem
949 737 1113 811 'attribuit
1128 734 1325 822 diversam,
1356 753 1401 814 ut

333 875 415 929 curn
440 855 610 948 exipsius
634 854 809 947 opinione
831 855 963 950 impios
989 854 1104 932 statim
1128 858 1286 952 excipiat
1299 861 1402 934 ultor

333 975 512 1066 inferum,¹
530 973 631 1069 justia
651 986 769 1050 autem
786 972 1011 1052 consortium
1026 973 1156 1050 christi
1170 982 1402 1072 moraacqui·

334 1093 404 1176 rat,
431 1113 571 1186 eorum,
596 1096 656 1188 qui
671 1093 777 1172 medii
790 1091 885 1185 sunt,
906 1095 1080 1187 iudicium
1095 1095 1139 1171 ad
1147 1095 1297 1174 Domini
1309 1100 1402 1176 diem

334 1214 555 1306 reservetur,
580 1234 657 1289 non
671 1213 769 1306 quod
783 1214 1060 1310 ignoramus,
1085 1217 1171 1310 quid
1184 1235 1402 1317 mereantur,
1435 1265 1439 1272 -

337 1330 398 1409 sed
413 1335 510 1428 quod
525 1336 645 1412 altiori
661 1333 811 1410 confilio
825 1333 894 1408 iiiia
907 1353 984 1410 non
998 1338 1233 1412 revelandum
1243 1337 1402 1418 censeat,

340 1453 417 1550 Jam
435 1475 527 1529 vero
543 1458 621 1548 quia
634 1469 757 1551 neget,
784 1455 847 1530 vei
860 1455 1117 1530 exhaoHilarri
1131 1458 1305 1550 opinione
1316 1481 1407 1534 con·

268 1601 270 1610 ·
338 1573 458 1667 sequi,
485 1575 583 1667 quod
597 1574 733 1650 medius
749 1577 810 1650 iile
826 1573 936 1652 statut
951 1595 1028 1650 noo
1041 1576 1142 1650 ievea
1158 1597 1278 1672 poenas
1291 1584 1406 1672 patia-

340 1695 442 1770 turi·
455 1694 516 1770 An
533 1695 626 1769 levir
644 1717 744 1790 pana
758 1693 810 1772 est
825 1697 949 1784 animae
961 1681 1007 1770 ffl
1021 1695 1212 1772 fruendum
1228 1697 1312 1773 D'eo
1328 1719 1406 1777 cre·

342 1829 422 1908 atae,
449 1813 670 1892 aconsortio
686 1811 829 1907 Christi,
855 1835 930 1907 quo
944 1816 1124 1892 mediante
1134 1815 1220 1891 Deo
1230 1819 1405 1916 potimur,

341 1931 539 2010 retardarit
571 1936 669 2036 Quid
686 1927 731 2010 de
749 1936 809 2009 ilia
823 1938 1002 2020 anxietate
1016 1937 1156 2020 dican,
1180 1958 1249 2031 qua
1261 1938 1406 2017 interim

342 2055 482 2132 medius
500 2057 561 2130 ille
578 2055 688 2131 status
706 2057 900 2148 cruciatur,
925 2055 1045 2130 donec
1060 2067 1180 2130 utrum
1196 2076 1333 2155 amore,
1358 2081 1405 2137 an

343 2176 455 2270 odio,
481 2178 595 2272 poenia
612 2175 767 2269 inferni,
792 2197 838 2252 au
857 2177 937 2252 coeli
952 2176 1088 2278 gaudiia
1104 2176 1233 2276 diguus
1251 2177 1313 2268 stt,
1339 2197 1407 2255 no·

338 2295 481 2372 viiiimo
496 2295 634 2390 judicio
648 2296 812 2387 accipiat.

446 2417 482 2491 si
499 2432 671 2515 preterea
685 2416 946 2512 perpendatur,
973 2415 1072 2512 quod
1084 2416 1123 2491 io
1135 2413 1189 2494 Ps.
1207 2425 1287 2509 138.
1303 2414 1337 2517 5.
1350 2439 1408 2501 at.

346 2539 412 2613 ait:
438 2591 467 2633 ‚‚
476 2538 650 2615 Humane
662 2535 726 2613 ista
739 2537 804 2617 lex·
815 2536 873 2613 est
886 2537 1113 2630 neceiiitatia,
1137 2535 1407 2631 utconsepultis

231 2710 234 2717 -
340 2659 566 2761 -torpotibua
584 2658 707 2730 animae
727 2655 769 2731 ad
784 2655 922 2731 inferos
945 2655 1217 2732 descendantt“
1239 2658 1410 2737 conficie-

346 2754 406 2855 tur
426 2780 564 2873 primo,
597 2797 677 2851 eum
695 2776 740 2849 ab
757 2775 824 2850 hac
842 2776 923 2874 lege
940 2778 1131 2853 immunem
1150 2777 1284 2854 sensrise
1300 2783 1409 2857 nerui·

306 2959 308 2965 .
345 2920 456 2992 nem,
487 2897 640 2975 maxime
660 2897 720 2968 ubi
744 2894 878 2991 adjedta
893 2896 1027 2972 fuerint
1043 2895 1217 2974 subnexa:
1252 2904 1411 3000 „Quam

342 3018 612 3099 descenfionem
630 3016 809 3092 Dominus
822 3016 866 3095 ad
883 3014 1226 3096 consummationem
1247 3024 1328 3096 veri
1347 3023 1412 3099 ho·

319 3222 321 3231 ¹
339 3141 459 3221 minis·
471 3158 547 3212 non
561 3136 751 3212 recusavit.
759 3137 787 3183 “

343 3280 346 3285 ·
449 3260 593 3333 Deinde
608 3256 713 3333 facile
729 3257 967 3352 intelligetur,
992 3255 1078 3330 ideo
1099 3256 1182 3331 huie
1196 3257 1279 3352 legi,
1305 3276 1412 3346 quam

312 3424 314 3429 ·
349 3374 509 3457 Christus
524 3379 701 3472 implevit,
726 3392 768 3450 ut
786 3396 914 3450 verum
929 3377 1112 3453 hominem
1130 3375 1200 3450 sese
1215 3379 1413 3470 peromnia

349 3499 624 3589 demonstraret,
650 3514 794 3571 ceteros
812 3497 977 3571 homines
993 3496 1037 3569 ab
1055 3496 1194 3574 Hilario
1210 3495 1279 3568 dici
1291 3497 1414 3573 neces·

332 3620 440 3697 ¹surio
458 3621 666 3712 ob'noxioa,
699 3619 779 3710 quia
799 3636 924 3689 omues
943 3614 1025 3709 post
1037 3627 1191 3690 mortem
1205 3636 1272 3709 per
1292 3616 1409 3713 ignem

350 3738 645 3834 improbandi,
669 3753 789 3810 utrum
804 3734 932 3810 Christi
946 3755 1059 3830 regno
1075 3735 1172 3829 digni
1183 3732 1265 3827 suut,
1292 3756 1411 3829 quem·

352 3861 544 3935 admodum
567 3880 694 3936 omnes
718 3857 870 3931 omnino
888 3857 925 3929 in
948 3855 1005 3928 die
1017 3853 1162 3948 judicii,
1196 3858 1412 3950 corporibus

350 3984 530 4072 receptis,
554 4001 619 4072 per
634 3981 753 4077 ignem
769 3975 850 4050 sunt
865 3975 1071 4068 transituri,
1096 3990 1286 4067 antequam
1304 3976 1348 4050 ad
1361 3995 1418 4050 re·

353 4119 462 4196 gnum
482 4096 596 4175 Patria
613 4078 873 4196 pervehantur.
921 4095 1011 4171 Hoc
1027 4096 1197 4175 conceiio
1212 4117 1288 4171 non
1305 4094 1420 4172 infici·

1240 4214 1369 4290 andum
