3317 4900
472 430 852 520 communiuntur
885 452 937 509 tn
971 432 1241 538 Mntnmuir.
1318 454 1391 532 341Ι
1442 537 1451 566 s

319 598 453 678 nuliam
480 595 551 671 effe
574 583 722 669 vestitur
744 595 778 669 dr
797 595 869 671 cibi
887 595 1069 689 praecipit,
1093 581 1223 672 'dicent
1241 594 1276 670 dr
1295 594 1384 671 escit

322 696 493 787 animuin,
519 694 649 768 &cibo
672 699 805 788 corpus
824 694 895 771 effe
913 695 1115 789 pretiosius.
1183 757 1188 766 .

420 821 455 890 7.
482 793 538 868 Et·
549 796 688 887 quidem
711 796 899 891 pulchrum
919 794 990 888 est,
1022 789 1245 891 presentium
1260 814 1381 873 rerum

320 911 534 984 contemtu,
561 914 685 986 ,curam
711 908 848 969 tentum
874 895 1004 968 divinis
1029 897 1138 969 rebus
1154 896 1381 987 impenderet

316 996 378 1072 sed
394 997 499 1068 nitius
516 991 631 1067 sermo
647 991 849 1083 descondit,
880 994 966 1068 drin
984 991 1134 1076 eoelest'is
1153 992 1235 1084 diui
1251 995 1395 1069 intelli-¹

317 1087 873 1192 gentiamverbissubjediarotio
887 1094 1104 1169 extenditur.
1155 1092 1379 1172 Thesauru'm

317 1197 498 1269 Dominus
514 1193 622 1265 condi
636 1193 728 1285 juffit
741 1196 776 1266 in
792 1195 901 1285 enin,
927 1192 960 1265 dr
975 1202 1021 1267 et
1039 1195 1137 1267 oculi
1153 1194 1284 1268 lumine
1295 1214 1376 1266 cor-

316 1295 398 1387 pori
416 1313 561 1385 quoque
573 1290 801 1385 ¹splendorem
821 1292 1037 1387 spopondit,
1064 1279 1376 1372 &dominitione-

315 1397 382 1467 bus
400 1394 577 1467 neminem
593 1394 735 1485 placere
756 1391 857 1488 posse
877 1391 1026 1466 testatus
1040 1393 1106 1468 est:
1140 1393 1176 1467 dr
1190 1392 1272 1487 post
1297 1393 1376 1467 hee

315 1496 396 1569 aitt·
409 1496 477 1566 Ideo
493 1496 556 1561 dico
569 1491 667 1579 nobis,
685 1490 734 1562 'nr
748 1498 887 1586 rogitetis
902 1500 940 1562 in
954 1494 1040 1563 corde
1055 1492 1167 1589 veflro,
1190 1494 1269 1589 quid
1284 1515 1374 1564 mon·

309 1598 452 1676 duceris,
477 1616 576 1687 neque
591 1596 711 1685 corpori
725 1593 845 1687 vestro,
870 1594 946 1688 quid
964 1594 1119 1669 induaris.
1170 1594 1263 1692 Quae
1283 1612 1374 1664 con·

310 1693 506 1784 sequuntur
517 1688 680 1788 nonsatis
693 1688 1225 1788 propositionibusoongruunt.
1257 1688 1374 1766 Nuru-

311 1794 395 1885 quid
417 1792 450 1864 u
470 1792 575 1864 uniur
596 1789 732 1863 domini
754 1789 878 1865 servus
891 1808 972 1876 non¹
988 1785 1093 1884 possit
1115 1793 1210 1864 circa
1234 1789 1373 1867 vestem

309 1892 381 1967 eise
398 1892 588 1980 cibumque
603 1888 801 1964 sollicitus?
826 1889 1010 1982 Numquid
1026 1912 1091 1982 per
1105 1889 1287 1963 adversum
1309 1911 1372 1962 va·

308 1989 505 2066 letudioem
519 1989 691 2084 hebetnto
703 1992 799 2063 oculi
810 1991 943 2065 lumine
956 1988 1203 2063 obscurabitur
1215 1987 1368 2080 corpus?

305 2089 388 2163 Aut
402 2087 499 2180 quod
515 2082 680 2179 corporis
694 2089 812 2163 iumen
827 2087 898 2166 effe
909 2089 1013 2182 potue
1027 2110 1072 2162 ex
1090 2084 1228 2161 oculos
1255 2086 1370 2162 Num⁴

304 2191 390 2282 quid
401 2186 649 2361 chesaurizare
672 2188 826 2263 iucoelis
845 2186 918 2262 sola
936 2189 1076 2294 nuditas
1095 2201 1158 2262 aut
1173 2185 1284 2261 samer
1301 2207 1368 2282 po·
1425 2281 1430 2288 .

304 2306 393 2366 terit
796 2325 799 2331 ·
1009 2333 1013 2348 ·
1236 2303 1258 2349 ,·
1338 2355 1348 2378 ,

317 2443 319 2451 .
405 2397 438 2470 8.
465 2386 533 2462 Sed
547 2388 627 2480 quia
644 2398 837 2480 corruptus
854 2388 948 2460 circa
962 2385 1165 2462 futurorum
1183 2405 1303 2462 curnn
1314 2388 1368 2462 in·

302 2488 462 2564 fidelium
479 2487 594 2562 seusus
611 2487 681 2579 est,
721 2487 1049 2582 calumniantium„
1066 2509 1143 2580 quo
1156 2489 1193 2561 in
1213 2488 1366 2562 resurre-

275 2589 435 2663 *trione
449 2608 644 2680 corporum
666 2586 799 2678 species
821 2586 862 2661 fit
881 2587 1021 2679 sutura,
1036 2588 1042 2605 ‘
1055 2608 1132 2679 quae
1153 2588 1190 2660 in
1211 2585 1366 2660 substan·

303 2691 391 2762 tiam
417 2689 623 2760 eternitatis
652 2687 841 2774 alimonia;
877 2686 1010 2770 &cum
1030 2708 1076 2760 ex
1097 2685 1362 2759 difficultatibus

301 2785 536 2880 questionum
554 2788 751 2879 inutilium,
783 2786 941 2876 quaedarn
961 2785 1172 2860 utendarum
1185 2784 1364 2882 presenti,

287 2908 361 2970 ⁴um
380 2888 608 2978 voluptatum
629 2887 723 2957 ratio
746 2885 886 2976 quaeiite
905 2883 977 2976 est,
1009 2888 1123 2959 inutili
1147 2901 1246 2960 metu
1267 2888 1363 2961 circa

298 2987 371 3061 Dei
393 2988 631 3069 reverentiam
649 2985 896 3076 demorantes,
926 2988 963 3057 in
984 2982 1090 3057 seculi
1108 2985 1363 3082 gaudia-trans·

299 3102 408 3173 eunt;
436 3102 544 3178 atque
556 3087 607 3158 ita
626 3083 689 3176 est,
715 3098 757 3157 ut
772 3084 914 3159 duobus
927 3083 1080 3158 dominis
1100 3084 1203 3157 unius
1216 3081 1361 3157 infidele

298 3186 481 3259 servitium
503 3184 561 3280 stt:
596 3185 764 3279 igiturex
783 3182 919 3257 summo
937 3185 1079 3276 pietatis
1095 3182 1246 3274 affedu,
1284 3202 1361 3279 gra·

297 3285 436 3359 visino
457 3283 658 3371 diffidentie
676 3284 840 3376 periculo
856 3298 939 3355 ante
957 3281 1147 3376 praedidio,
1160 3284 1224 3357 ‘ita
1239 3282 1361 3356 admo·

299 3396 382 3465 net:
407 3386 655 3457 Montanium
674 3386 779 3534 pigris
794 3381 845 3477 ess,
870 3408 964 3478 quum
977 3382 1051 3470 esta,
1076 3379 1117 3458 (5
1133 3403 1241 3479 corpus
1250 3382 1360 3477 pluris

296 3479 1359 3658 dissidiis&{iiiiissiiii'e‘risffn⁶¹ii

294 3701 388 3773 nee,
421 3685 517 3772 quod
535 3680 750 3776 spopondit,
778 3682 979 3776 ambiguum
996 3679 1069 3772 est,
1094 3674 1358 3772 necinefficex,

296 3780 397 3873 quod
415 3784 557 3854 locutus
578 3782 640 3858 est.
689 3779 791 3854 Nihil
809 3780 875 3874 ost,
901 3781 1001 3873 quod
1021 3798 1099 3853 non
1115 3779 1154 3852 in
1167 3775 1365 3853 substantia·

292 3879 357 3956 sur
377 3883 413 3952 dr
437 3882 622 3954 creatione
642 3897 862 3973 corporeum
884 3879 942 3955 sit:
977 3879 1010 3952 dr
1037 3877 1198 3953 omniunt
1222 3872 1357 3952 sivein

292 3978 679 4074 coelo,s1veinterrt,
704 3979 779 4055 sive
795 3979 997 4078 visibilium,
1022 3977 1097 4053 ssve
1112 3974 1355 4068 invisibilium,

289 4081 471 4157 elementa
482 4078 735 4159 tornatasmt
784 4073 1355 4251 {amoenitatumspecigriivr

440 4222 445 4234 ·
849 4199 869 4272 3
1210 4185 1304 4249 ott·
1401 4184 1406 4199 “
