3317 4900
404 431 824 511 ·Couurrrranrur
859 453 911 508 ru
945 431 1210 513 Marenen.
1280 437 1357 527 '361

283 603 346 680 eia
363 609 504 689 autem,
531 580 591 688 qdi
608 591 763 668 se'sanor
777 591 1034 686 existimarent,
1059 594 1286 671 necessariam
1298 615 1361 670 cu·

294 697 618 778 rationemnullam
634 692 714 769 esse.
765 692 834 766 Sed
845 708 886 766 ut
898 695 1152 790 intelligerent,
1178 699 1358 773 neminem

293 801 440 879 suorum
457 793 576 870 sanum
593 793 683 883 esse3
710 792 910 886 admonuit,
925 793 1173 878 utdiscerent.
1200 795 1357 888 quidest:
1403 855 1405 864 .

293 897 550 988 Misericordiam
561 895 649 976 vole,
679 918 745 964 non
759 893 967 984 sacrficium
998 893 1282 991 legemscilicet,
1309 896 1358 971 sa-

295 998 515 1074 crificiorum
533 991 789 1068 obseruatione
804 991 1023 1082 devindiam,
1051 1015 1158 1087 opem
1175 998 1269 1070 serre
1281 1017 1358 1074 non
1392 1013 1396 1026 ‘

294 1097 411 1195 posse,
434 1093 493 1168 sed
511 1090 656 1168 salutem
672 1092 846 1167 universae
861 1095 899 1166 in
913 1092 1161 1168 misericordie
1175 1096 1359 1193 indulgen·

298 1202 348 1273 tia
372 1193 556 1270 reservari.
606 1195 685 1268 Non
706 1199 791 1264 enim
807 1199 887 1264 verri
895 1195 993 1290 justos
1006 1217 1138 1283 vocare,
1164 1199 1213 1279 [cd
1225 1215 1359 1286 petroio·

299 1299 630 1391 resinpoenirmriam.
684 1291 863 1367 Omnibus
876 1308 1045 1380 venerat;
1072 1299 1358 1393 quomodoergo

297 1418 374 1474 non
395 1394 429 1469 se
449 1393 548 1486 iustis
574 1391 711 1466 venisse
733 1390 846 1465 dicit?
881 1392 995 1466 Erant
1010 1414 1137 1492 ergo,
1153 1400 1280 1490 quibus
1298 1419 1361 1470 ne·
1437 1403 1442 1412 '

298 1496 391 1572 cesse
406 1515 482 1569 non
496 1506 595 1585 erat,
620 1507 662 1566 ut
676 1489 845 1565 veniret?
879 1492 950 1566 Sed
966 1515 1074 1567 nemo
1088 1494 1200 1584 justus
1216 1519 1261 1571 ex
1280 1500 1362 1594 lege

298 1597 361 1676 est.
422 1593 589 1668 Ostendit
606 1612 694 1688 ergo
718 1592 858 1665 inanem
883 1590 1024 1682 justitiae
1046 1593 1116 1667 esse
1140 1595 1363 1689 iactantiam:

300 1698 383 1790 quia
394 1691 571 1769 sacrificiis
586 1687 782 1765 infirmibus
797 1688 1012 1785 adsalutem,
1038 1695 1275 1770 misericordia
1285 1710 1364 1771 erat

288 1794 618 1889 -universrrinlege
637 1789 974 1885 posrtirnecessaria.
1026 1791 1365 1888 Namfijustitiasu·

299 1895 381 1975 isset
397 1917 444 1968 ex
461 1895 561 1989 lege,
587 1893 694 1964 venia
711 1910 775 1984 per
792 1891 939 1988 gratiam
954 1891 1365 1973 necessarianonsuiiset.

406 2015 439 2084 3.
471 1990 566 2064 Tunc
576 1988 760 2088 uccrfferrmt
776 1998 816 2062 ad
831 2017 901 2061 cerm
913 1988 1062 2089 Jomm's
1069 1995 1209 2089 discipuli
1216 1999 1364 2069 dicenter:

298 2137 302 2146 ·
308 2099 423 2189 Quare
436 2117 492 2162 nos
506 2092 545 2168 U
565 2092 716 2180 Pharisaei
725 2096 905 2186 jejunamus
915 2094 1124 2189 frequenter,
1150 2097 1293 2190 discipuli
1304 2119 1365 2168 aar.

305 2213 367 2269 rem
388 2197 440 2264 tui
458 2215 525 2264 nm
535 2187 717 2288 jejunant?
747 2190 961 2283 jejunabant
976 2192 1135 2268 Pharisaei
1152 2194 1186 2267 dr
1204 2194 1365 2290 discipuli

304 2293 481 2395 Joannir,
515 2289 734 2384 &Apostoli
750 2311 827 2362 non
841 2291 1060 2382 jejunabant.
1126 2292 1196 2370 Sed
1213 2294 1285 2369 istis
1301 2295 1368 2390 spi·

286 2396 455 2471 ·ritaliter
477 2389 693 2485 respondet,
717 2386 953 2483 sponsumque
969 2390 1004 2467 se
1018 2393 1165 2487 Joannia
1189 2393 1367 2488 discipulis

305 2494 473 2570 ostendit.
523 2495 682 2589 Joannes
700 2492 794 2565 enirn
814 2492 1004 2582 repositam
1021 2493 1368 2571 inchristoomnem

306 2600 394 2667 vitae
419 2593 513 2684 spem
542 2590 757 2685 spopondit,
790 2590 824 2661 dr
848 2593 1001 2686 recipie
1024 2591 1185 2669 Domino
1208 2595 1369 2688 discipuli

305 2697 383 2786 ejus
406 2693 521 2765 adhuc
544 2712 590 2763 eo
613 2690 828 2782 predicante
848 2711 924 2765 non
942 2704 1123 2783 poterant.
1188 2696 1313 2787 Usque
1330 2698 1370 2772 in

311 2814 391 2868 eum
418 2795 512 2865 enim
529 2792 589 2863 lex
613 2791 850 2883 &prophetae
866 2790 966 2879 sunt3
998 2792 1056 2887 dr,¹
1075 2795 1138 2868 nifi
1155 2797 1234 2893 lege
1247 2792 1369 2889 finita,

308 2895 347 2968 in
363 2891 470 2967 fidem
487 2890 730 2986 evangelicam
744 2910 870 2963 eorum
882 2911 989 2964 nemo
999 2895 1229 2971 concederet.
1257 2896 1371 2991 Quod

307 3013 403 3066 vero
427 2990 600 3085 praesente
616 2986 746 3081 sponso
764 2990 945 3081 jejunandi
966 2992 1201 3068 necessitatem
1224 2996 1373 3087 discipu·

308 3096 352 3167 lia
368 3114 443 3166 non
457 3089 527 3164 esse
541 3090 754 3182 respondet3
781 3087 972 3180 praesentiae
989 3088 1245 3188 suaegaudiurn,
1274 3093 1372 3167 &u-

251 3274 253 3285 .
312 3207 533 3266 crementum
548 3188 651 3262 sancii
668 3189 738 3261 cibi
756 3189 903 3279 edocet,
930 3210 1004 3279 quo
1021 3191 1371 3287 nemoseprmsente,

251 3296 253 3307 ⁴
314 3289 444 3381 idest,
477 3292 514 3364 in
534 3286 726 3379 conspeetu
742 3289 870 3361 mentis
893 3286 1068 3365 Christum
1083 3295 1295 3385 cononem,
1320 3294 1374 3368 in·

251 3438 254 3461 .
314 3384 459 3485 digebit.
509 3389 649 3462 Absato
666 3386 1263 3478 autemseiejunaturosessedicitr
1290 3394 1374 3482 quia

251 3496 254 3510 '
315 3510 442 3563 omnen
461 3509 537 3579 non
553 3486 741 3561 credentor
756 3484 979 3562 resurrexisse
995 3487 1193 3581 Christum,
1220 3493 1379 3567 habituri

251 3584 254 3683 j
316 3608 394 3664 non
416 3586 527 3662 essent
548 3590 666 3660 eibum
692 3590 788 3661 vitae.
849 3585 889 3658 In
913 3585 984 3661 side
1003 3589 1375 3665 enimtesurredtionia

316 3686 573 3762 sacramentum
589 3687 687 3778 punit
704 3684 853 3759 coeiestis
871 3689 1059 3780 accipitur:
1085 3690 1118 3761 dr
1135 3694 1292 3784 quisquis
1303 3692 1377 3769 sme

318 3786 463 3863 Christo
478 3785 547 3878 esi,
574 3787 610 3859 in
626 3787 711 3859 vitae
731 3788 799 3859 eibi
814 3786 954 3877 jejunio
968 3790 1200 3879 relinquetur.

419 3910 454 3976 4.
480 3885 534 3958 Ut
551 3901 666 3959 eutem
683 3886 944 3979 intelligerent,
979 3908 1055 3959 non
1070 3886 1169 3979 posse
1185 3891 1246 3964 srbi
1261 3891 1298 3963 in
1313 3910 1378 3967 vc·

316 3987 454 4067 teribus
464 3984 748 4077 positiapersot'ta
758 3984 958 4059 haecsalutis
967 3986 1386 4083 sacramentacommitti,¹

318 4087 602 4188 comparationis
616 4084 735 4183 posuit
748 4088 964 4177 exemplum.
1009 4084 1382 4171 Pannumrudernve·

814 4182 847 4269 Z
869 4204 894 4279 5
1195 4188 1350 4271 stamen.-
