3317 4900
332 459 620 540 Taacrarue
643 411 697 534 ru
722 454 950 535 CXXXIV.
975 455 1212 539 Prunuuu.
1265 421 1352 560 ¹5?-

262 649 381 714 Μ,
407 630 466 722 quc·
478 623 643 712 confidunt
660 624 699 692 in
712 623 780 692 eis:
819 617 1045 712 Frequenter
1062 619 1232 696 &inaliis
1245 621 1337 700 Psal-

265 729 331 805 nris
351 719 502 818 idipsum
519 718 767 798 delimulacris
784 720 946 817 gentium
958 718 1088 795 dicium
1104 720 1173 797 est:
1199 723 1336 818 &pto-

263 820 766 924 pbetiaomnisboelaborat,
791 833 833 893 ut
845 820 1036 906 humanum
1049 823 1336 899 erroremastul·

264 924 399 1003 tillimia
419 922 475 997 hic
493 920 794 1018 irreligiofitatum
817 917 939 993 studiis
966 934 1120 1008 avertat.
1182 920 1336 1000 Addunt

264 1027 364 1103 enim
382 1023 541 1119 plerique
561 1021 615 1094 hir
632 1019 876 1114 impietatibus
898 1017 966 1093 luis
986 1018 1257 1114 austeritatem,
1292 1039 1337 1100 ut

256 1123 392 1221 pretiis
409 1121 637 1198 metallorum
650 1122 833 1196 honorem
850 1118 948 1210 niu,
973 1139 1065 1212 quos
1081 1119 1144 1194 fibi
1158 1118 1333 1218 iecerint,

268 1233 449 1318 querente
484 1238 575 1294 auro
600 1241 667 1294 eos
692 1233 918 1318 argentoque
939 1215 1152 1296 formandoc
1186 1222 1244 1296 sed
1261 1225 1336 1298 hoe

265 1338 427 1416 tantum,
454 1320 553 1412 quod
571 1317 731 1415 poliunt,
756 1321 969 1415 largiuntur,
993 1319 1181 1417 imaginem
1198 1320 1335 1398 scilicet

270 1427 361 1519 orie,
386 1421 594 1511 oculorum,
620 1423 770 1511 aurium,
795 1419 948 1500 narium,
971 1422 1334 1518 manuumdcpedum,

266 1522 372 1598 Deos
394 1516 478 1596 suos
498 1520 536 1592 in
557 1515 675 1591 forma
691 1521 827 1591 mortui
844 1518 1012 1611 corporis
1030 1520 1247 1615 adorantes,
1274 1525 1355 1597 cul·

266 1622 390 1718 spiritu
410 1620 586 1696 evolante
605 1639 648 1691 os
661 1631 801 1692 mutum
818 1614 892 1708 est,
918 1620 1016 1692 oculi
1030 1619 1202 1716 hebetes,
1229 1643 1335 1699 auree

266 1711 398 1816 suidae,
430 1737 534 1794 nates
550 1719 712 1794 inanime
727 1713 827 1810 sunt,
854 1737 979 1791 munus
996 1717 1196 1815 dissolute,
1222 1724 1335 1816 pedes

267 1827 441 1921 rigentes,
467 1839 576 1894 omne
590 1837 723 1913 corpus
740 1815 928 1892 immobile
942 1813 1004 1892 est.
1054 1817 1125 1893 Sed
1143 1824 1259 1895 errori
1271 1845 1335 1898 eo·

268 1943 348 1998 rum
368 1921 427 2010 id,
454 1919 552 2011 quod
568 1938 637 1993 nee
651 1915 791 2015 sperare
805 1914 955 2012 audent,
979 1917 1189 2011 deputatur:
1215 1937 1257 1996 ut
1271 1945 1337 1997 eo·

268 2042 350 2095 rum
375 2019 444 2092 sint
465 2018 613 2111 similes,
650 2035 742 2111 quor
762 2016 937 2107 odorent,
977 2031 1193 2093 venerantes
1215 2020 1282 2096 bnt
1297 2025 1337 2100 in
1419 2021 1425 2038 ¹

271 2116 461 2195 consortio
486 2128 765 2209 veneratorum,
797 2116 861 2208 ipfi
882 2115 1151 2192 simulacrorum
1166 2122 1280 2206 modo
1299 2143 1337 2199 e·

270 2231 417 2297 mortua
433 2235 591 2312 corpora
614 2216 686 2291 line
703 2220 789 2291 vitae
805 2214 927 2311 spiritu
943 2217 1180 2318 relinquendi..

373 2326 431 2412 η’.
460 2315 720 2391 Demonstrato
745 2330 864 2391 eutem
885 2336 1012 2391 errore
1029 2319 1176 2414 gentili,
1212 2316 1256 2391 ad
1271 2317 1337 2394 do·

271 2415 389 2495 birine
404 2416 568 2494 ordinem
583 2410 821 2512 propheticus
837 2413 953 2492 sermo
969 2412 1005 2493 se
1021 2419 1167 2513 retulit,
1193 2417 1337 2495 dicente

272 2526 394 2592 Domus
414 2516 515 2593 lsrael
528 2518 699 2589 benedicite
715 2522 902 2605 Dominum,
928 2520 1034 2589 dumus
1044 2523 1155 2591 Aaron
1165 2518 1338 2593 benedicite

274 2625 468 2705 Dominum,
500 2621 609 2691 dumus
628 2618 718 2688 Levi
732 2616 904 2690 kudicire
924 2622 1114 2705 Dominum,
1139 2624 1198 2716 qui
1215 2624 1338 2693 timeri!

274 2722 466 2805 Dominum,
500 2719 668 2789 lmedc'cc're
684 2738 765 2797 eum.
822 2713 867 2789 ln
884 2718 938 2791 bia
955 2718 1143 2792 nominum
1158 2733 1266 2811 atque
1281 2718 1340 2797 of·

271 2813 441 2893 liciorum
477 2814 759 2891 ditiintiionibue
793 2834 939 2890 ornnem
971 2812 1135 2893 Ecclefiae
1161 2820 1339 2913 populum

271 2914 484 3010 complexus
502 2915 570 2991 cst:
602 2914 660 2991 sed
674 2934 741 3009 per
755 2915 1065 3006 nuncupationum
1084 2918 1118 2993 u
1139 2921 1341 3013 proprieta-

270 3032 348 3092 tum
368 3011 663 3113 significationem
682 3010 755 3109 ipsa
768 3016 829 3088 illa
842 3013 1046 3091 officiorum
1062 3021 1189 3093 merita
1207 3012 1337 3097 divini.
1409 3092 1412 3098 .

273 3116 317 3193 ln
334 3136 386 3190 oo·
399 3118 508 3209 enim,
535 3115 634 3209 quod
652 3115 782 3190 dicitur
794 3117 903 3188 domus
916 3118 1025 3204 israel,
1051 3117 1202 3191 &domm
1215 3120 1338 3208 Aaron,

274 3214 439 3291 &mnus
461 3216 566 3298 Leni,
601 3217 703 3313 &qui
721 3222 844 3288 timetis
863 3220 1057 3305 Dominum,
1093 3217 1188 3292 aliud
1204 3221 1248 3290 ab
1265 3218 1338 3292 ulio
1414 3292 1417 3297 ,

273 3312 344 3393 elie
362 3315 597 3391 discernitur:
623 3328 678 3409 ut,
704 3309 899 3390 secundum
918 3314 1134 3409 Apostolum
1150 3318 1193 3393 ad
1210 3313 1341 3391 Corin·

272 3417 372 3490 thior
389 3415 619 3506 scribentem,
646 3413 804 3508 quedam
818 3409 863 3488 fit
874 3417 911 3491 in
923 3418 1131 3493 nominibus
1148 3414 1341 3510 distinotio,

276 3534 358 3589 eum
374 3519 441 3590 altr
467 3513 643 3606 vocatis,
669 3508 812 3608 sentiit,
840 3535 921 3590 cum
940 3517 1127 3612 omnibus,
1154 3517 1213 3611 qui
1230 3517 1342 3591 invo-

276 3626 362 3686 cent
382 3632 516 3689 nomen
539 3614 686 3689 Domini
703 3612 814 3689 nostri
829 3613 911 3710 jesu
927 3612 1077 3707 Christi3
1101 3630 1144 3693 ut
1160 3615 1254 3691 aliud
1271 3634 1342 3689 vo·

276 3729 394 3805 catos,
420 3715 514 3787 aliud
528 3711 681 3807 sanctos,
707 3715 802 3787 aliud
815 3716 1031 3790 invocantes
1046 3734 1179 3791 nomen
1191 3714 1342 3792 Domini

275 3810 348 3886 elle
362 3807 544 3908 significet.
595 3813 706 3887 Nunc
725 3829 843 3889 autem
860 3813 1129 3908 primumlsrael
1141 3813 1343 3910 nuncupari

276 3912 457 3999 videmus,
484 3910 794 4006 secundellum,
820 3914 932 3988 tertio
942 3913 1051 4007 Levi,
1077 3929 1206 4006 quarto
1217 3917 1342 3989 timeu-

275 4026 333 4086 tes
350 4011 559 4087 Dominum.
607 4008 1346 4111 EtinAaronsacerdotessignificarinon

276 4112 484 4211 ambiguum
509 4109 578 4186 est:
616 4106 783 4188 sacerdos
799 4113 893 4189 enim
909 4114 948 4185 iu
967 4112 1046 4211 lege
1063 4112 1190 4191 Aaron
1205 4116 1343 4290 frimur

844 4238 847 4243 ·
1223 4229 1296 4310 uit,
