3317 4900
309 425 381 522 ⁸9⁸
450 455 453 462 ·
645 405 684 490 8.
730 385 1033 488 ll'ttnrr

309 575 499 662 Destrinc
517 591 607 668 ergo
626 571 720 646 idem
737 569 788 646 est
803 571 912 663 ordo‚·
936 569 995 660 qui
1009 587 1161 648 rerum.
1216 565 1329 668 Nam,
1348 572 1385 648 se·

312 679 470 756 cundum
490 674 740 770 propheticam
760 669 1046 766 &apostolicam
1065 671 1381 768 praedicationem,

311 779 411 858 beati
432 774 528 850 istius
544 775 646 869 regni
663 773 696 846 u
713 773 869 848 civitatis
885 785 1028 844 aeternae
1043 771 1084 844 in
1100 773 1163 850 his
1175 775 1280 848 ordo
1289 775 1379 868 dispo

310 881 398 958 fitur
413 875 484 967 est,
509 878 547 950 in
562 871 828 948 resurreiiionis
845 872 1118 964 demutatione,
1149 875 1191 947 in
1209 895 1378 971 congrega·
1445 953 1450 974 Ι

311 981 417 1058 tione
445 973 677 1060 Sanctorum,
718 975 754 1046 in
782 971 1048 1062 dominicorum
1078 975 1239 1056 civium
1267 974 1377 1054 cotie

312 1079 563 1180 queritantium
586 1075 758 1154 incolatu.
1363 1077 1367 1082 '

416 1201 448 1252 2.
474 1175 558 1250 Post
578 1195 667 1266 quae,
690 1174 760 1266 jam
779 1174 815 1246 in
832 1169 1225 1254 aetetntbeatitudine
1237 1177 1376 1252 omnibu

312 1277 541 1367 constitutis,
575 1275 617 1348 ad
633 1273 807 1350 canendas
824 1273 896 1348 Dei
911 1272 1034 1348 laudes
1050 1274 1138 1348 hoc
1159 1273 1378 1368 consequent

295 1379 453 1460 'l’salmo
487 1377 630 1450 chorus·
658 1372 851 1448 coelestium
883 1375 1057 1448 virtutum
1090 1375 1389 1468 potestatumqut'

314 1475 561 1568 contrahitur:
599 1488 641 1546 ut
665 1475 714 1546 ob
740 1473 920 1565 depulsam
943 1471 1051 1544 seculi
1069 1477 1295 1556 vanitatem
1308 1495 1379 1550 eret·

312 1593 396 1658 tura
414 1576 529 1652 omnis
541 1596 586 1648 ex
603 1575 736 1670 magnis
749 1572 950 1650 officiorum
965 1569 1115 1648 suorum
1132 1577 1330 1654 laboribus
1338 1577 1379 1652 al·
1446 1632 1449 1644 .

312 1675 452 1768 soluta,
479 1675 565 1748 &in
579 1677 689 1776 beato
708 1695 823 1771 regno
841 1673 1049 1752 aeternitatis
1065 1675 1286 1767 aliquando
1300 1673 1378 1768 tespi·
1448 1694 1449 1704 ¹

311 1797 418 1854 rans:
447 1775 566 1850 Deum
586 1773 683 1848 suum
703 1774 830 1847 &lata
848 1773 1030 1865 predicet,
1059 1773 1265 1866 inquieta,
1288 1773 1374 1868 &ipse

312 1875 508 1956 secundum
526 1873 745 1969 Apostolum
762 1877 797 1946 in
811 1875 961 1969 gloriam
977 1873 1092 1952 beatae
1107 1877 1372 1954 aeternitrtitta

311 1977 448 2070 sumta,
476 1997 557 2054 cum
579 1978 645 2050 ait:
665 1971 819 2046 ¹Etenim
843 1969 1062 2062 exspeilatio
1084 1973 1209 2066 ipsius
1231 1993 1376 2056 creatura

310 2072 740 2160 revelationemfiliorum
753 2072 821 2143 Dei
831 2070 1021 2164 exspectat.
1063 2073 1377 2158 Veritatemenim
1409 2091 1413 2100 '

313 2193 480 2264 martura
498 2171 734 2266 subjectam,
759 2193 836 2245 non
852 2173 1006 2265 volens,
1032 2170 1091 2250 sed
1109 2193 1287 2271 propter
1305 2195 1376 2268 eum
1411 2253 1415 2266 ¹

225 2305 227 2316 ⁴
313 2280 377 2372 qui
399 2276 548 2370 subiecit
569 2275 607 2348 in
625 2268 702 2364 spe:
736 2272 871 2364 quia&
894 2271 967 2366 ipsa
983 2287 1156 2352 creatura
1180 2278 1377 2359 liberabitur

313 2399 335 2459 Ι
353 2377 527 2455 servitute
544 2375 813 2466 corruptionis,
839 2373 875 2452 in
890 2373 1092 2451 libertatem
1107 2373 1378 2455 claritatiefilio

311 2500 391 2555 rum
414 2478 497 2553 Dei.
548 2475 646 2552 Hinc
667 2494 755 2569 ergo
780 2475 933 2571 hymnus
951 2474 1002 2551 est
1019 2478 1206 2555 libertatis
1227 2479 1376 2563 indultu,
1407 2544 1410 2549 .

313 2581 415 2673 quod
430 2576 631 2652 officiorum
648 2573 791 2647 suorum
804 2573 1007 2654 neceffitate
1023 2571 1210 2669 absoluta,
1244 2586 1282 2654 &
1296 2593 1377 2659 anta

312 2682 352 2757 in
368 2678 448 2753 usus
467 2677 609 2751 humani
627 2674 777 2766 subjesta
795 2672 948 2766 servitii,
972 2677 1043 2767 jam
1061 2676 1377 2757 conformantem

313 2778 395 2855 dem
420 2777 576 2853 liliorum
604 2776 674 2847 Dei
698 2775 812 2868 gloria
841 2776 877 2849 in
902 2790 1066 2849 uternam
1093 2777 1378 2867 beatitudinem.

314 2879 539 2956 creationum
565 2877 742 2949 elementa
765 2873 1002 2963 requiescunt.
1054 2872 1172 2964 Cujus
1198 2878 1379 2960 beatitudi-

312 2978 370 3057 nis
387 2980 500 3070 longo
516 2977 587 3065 jam
612 2976 670 3047 diu
689 2973 878 3046 secundum
895 2974 1111 3065 Apostolum
1130 2975 1296 3053 Petrum
1314 2977 1381 3057 dei·

313 3078 417 3157 alerio
440 3077 714 3164 detinebantur,
741 3094 819 3149 cum
842 3074 906 3147 aita
944 3076 1049 3159 Haec,
1077 3095 1158 3163 quae
1182 3084 1379 3155 modove

313 3178 369 3259 bis
393 3175 671 3267 nuntiatasunt,
699 3194 868 3270 percos,
896 3176 953 3264 qui
976 3174 1082 3245 vobis
1102 3176 1251 3266 Spiritu
1276 3179 1380 3255 santio

313 3278 678 3372 evangelizaverunt,
713 3296 790 3365 quae
811 3272 999 3347 millasunt
1018 3276 1171 3363 ecoe10,
1202 3280 1242 3350 im
1269 3296 1381 3373 quart

314 3375 576 3468 concupiscunt
598 3377 725 3470 Angeli
741 3373 953 3466 prospicere.
1012 3372 1252 3462 Exspetlatio
1273 3383 1382 3475 itaque

312 3477 505 3559 coelestium
525 3475 575 3548 est
597 3475 785 3548 beatitudo
808 3488 962 3548 terrena:
998 3477 1030 3546 ἃ
1052 3480 1382 3565 corruptionisno

312 3578 391 3661 stra
411 3578 609 3657 demutatio
625 3576 822 3646 divinarum
845 3579 1068 3646 creationum
1088 3575 1315 3651 demoratur
1327 3581 1382 3653 ele

313 3696 464 3769 menta,
505 3675 709 3771 prospicere
743 3675 835 3747 hanc
869 3679 1085 3769 evangelicae
1112 3678 1381 3761 praedicationis

312 3780 411 3874 spem
426 3776 736 3867 concupiscentia,
763 3774 912 3866 gloriam
932 3773 1025 3849 suam
1045 3794 1088 3846 ex
1104 3774 1235 3865 gloriae
1259 3780 1378 3854 nostre

253 3882 256 3889 '
314 3880 610 3961 conformatione
632 3874 854 3963 susceptura:
891 3896 959 3962 qua
978 3877 1049 3966 jam
1080 3870 1287 3955 secundum
1310 3897 1375 3973 pro·

313 3980 471 4081 phetiam
497 3975 618 4050 Psalmi
641 3977 791 4065 adepta,
827 3974 863 4045 in
881 3974 1076 4051 consonam
1093 3974 1241 4051 laudem
1261 3998 1380 4075 perce·

312 4096 385 4184 ptae
400 4077 630 4157 beatitudinis
650 4079 889 4154 advocantur.

1174 4192 1209 4263 3.
1244 4181 1343 4253 Lau·
