3317 4900
287 458 410 530 60.
625 395 1020 520 &litabant
1107 527 1112 536 ¹

395 633 453 685 ro.
478 605 571 682 Non
585 602 838 678 declinandum
851 589 959 700 igitur
976 603 1019 676 ad
1033 604 1280 700 obligationes
1296 606 1371 684 cst:

270 781 272 786 .
289 732 410 805 neque
419 711 566 784 libertas
578 702 701 777 nostra
712 702 762 776 est
776 704 930 777 nexibus
942 704 1064 794 seculi,
1090 706 1369 784 &mundialium

288 812 524 909 negotiorum
536 805 690 877 vinculis
705 801 903 877 inserenda.
954 803 1078 877 Novit
1094 807 1221 878 beatus
1231 805 1364 880 Paulus

289 915 430 991 solutos
447 906 546 1000 ligari
560 924 637 976 non
653 918 843 995 oportere,
871 924 952 977 cum
969 905 1078 976 dicit:
1103 905 1251 976 Solutus
1266 929 1304 977 es
1318 910 1364 980 ab

286 1006 433 1089 uxorei
464 1003 556 1077 Noli
578 1023 739 1093 quarere
764 1004 990 1097 ligationem.
1050 999 1099 1074 Et
1125 1006 1198 1076 boc
1220 1006 1364 1080 nonde

288 1104 481 1188 criminoso
494 1105 647 1176 vincrtlo
660 1101 864 1174 necellariae
875 1103 1056 1197 ligationis
1070 1106 1116 1173 ita
1127 1102 1240 1179 senfit.
1294 1105 1363 1180 Ce-

289 1228 406 1288 tantm
430 1202 510 1277 sunt
531 1202 598 1274 alia
617 1201 789 1290 vincula,
824 1197 904 1292 quae
917 1198 1024 1276 fidem
1042 1202 1199 1278 nostram
1215 1183 1362 1296 impddi·

286 1325 370 1401 unt,
397 1304 620 1416 &obligant
647 1301 783 1390 sibique
794 1301 1039 1375 conneblunt:
1065 1307 1219 1377 maxime
1232 1327 1360 1399 augen-

288 1415 344 1488 dae
358 1422 517 1501 pecunia
534 1397 654 1489 labor,
681 1401 716 1472 dr
731 1401 944 1496 negotiandi
958 1402 1151 1476 insincerus
1163 1404 1361 1493 profectus.

286 1510 379 1591 Hac
399 1503 492 1578 enim
511 1502 561 1572 ita
580 1500 748 1614 obligant
764 1503 946 1592 peccatis,
981 1502 1230 1595 sacramentis,
1252 1479 1364 1577 ”com-

288 1609 454 1696 merciis,
487 1612 530 1673 ut
552 1598 615 1672 nur
639 1621 711 1672 nos
736 1616 868 1692 captos
893 1599 1138 1694 poileliosque
1167 1604 1363 1682 detineant.

290 1713 353 1792 Ab
368 1710 422 1782 his
441 1721 528 1797 argo
541 1720 664 1789 mens,
691 1702 880 1792 voluntas,
905 1700 1057 1774 studium
1070 1699 1279 1776 solvendum
1295 1702 1364 1777 est:

292 1812 376 1907 quia
392 1805 611 1882 declinantes
630 1798 675 1871 ad
689 1801 931 1895 obligationes
951 1820 1022 1873 una
1036 1800 1260 1876 adducentur
1277 1822 1358 1877 cum

291 1907 526 2008 operantibus
542 1900 778 1991 iniquitatem.

398 2031 454 2086 11.
483 2003 559 2079 Erit
587 2013 708 2073 autem
733 1996 844 2071 lsrael
865 1995 1059 2092 pacificus,
1098 2020 1175 2073 non
1195 1999 1361 2075 derelicta

291 2115 398 2207 snper
420 2110 455 2185 se
470 2110 572 2201 virga
584 2100 807 2192 peccatoris:
833 2095 944 2170 sedin
961 2094 1032 2171 fide
1046 2099 1217 2192 perfetta,
1246 2123 1286 2173 ac
1301 2101 1361 2192 spe

293 2231 442 2294 ,eterna
458 2220 624 2290 manens,
659 2199 781 2278 audiet
796 2217 867 2291 pro
885 2200 1059 2291 portione
1078 2199 1139 2272 fibi
1162 2200 1251 2271 dici:
1292 2204 1360 2271 Pax

288 2320 383 2415 super
402 2312 510 2387 lsrael.
560 2301 625 2376 llle
642 2295 694 2372 est
708 2298 802 2372 enirn
819 2318 889 2390 pax
911 2296 1052 2386 nostra,
1079 2298 1138 2389 qui
1156 2298 1246 2370 fecit
1264 2313 1360 2372 utra·

295 2439 367 2513 que
391 2433 519 2487 unum:
554 2400 735 2479 Dominus
756 2395 879 2472 noster
896 2395 994 2491 Jesus
1010 2395 1190 2492 Christus,
1227 2397 1289 2490 qui
1308 2398 1360 2474 est

292 2513 501 2597 benedidua
520 2512 558 2587 in
577 2501 695 2580 secula
717 2497 929 2573 seculorum.
980 2495 1108 2572 Amen.

295 2704 1358 2749 -n——ae-ss--F'Q-——n—

683 2858 967 2918 tuctrtn

517 2989 893 3076 PSALMUS
944 2986 1131 3061 CXXIV.

291 3124 302 3135 ’
422 3150 518 3227 nx
551 3143 788 3223 conrcn
830 3139 1232 3214 Vnaorunrurr.

523 3350 693 3427 Feliciter
718 3341 906 3417 Canticum
931 3338 1126 3413 Graduum.

295 3512 426 3689 Gai
439 3503 602 3597 confidunt
617 3505 654 3570 in
676 3496 834 3573 Domino,
860 3491 939 3592 ficut
957 3513 1043 3561 mons
1057 3491 1157 3571 Sion,
1183 3507 1251 3554 non
1274 3509 1354 3555 cnm.

414 3623 557 3679 movetur
578 3608 615 3671 in
629 3614 805 3670 aeternam.
822 3674 831 3687 „
853 3596 925 3686 Qui
937 3591 1061 3663 halim
1075 3591 1113 3655 in
1135 3584 1352 3675 Hierusalem,

295 3729 414 3784 montes
433 3715 469 3778 in
489 3707 623 3776 circuitu
637 3703 719 3798 ejus,
744 3694 784 3771 (5
798 3698 957 3765 Dominus
976 3697 1012 3760 in
1027 3689 1165 3757 circuilu
1172 3686 1350 3780 populisue'.

280 3818 284 3823 ’
312 3894 321 3903 ,
396 3808 459 3884 Est
481 3807 574 3882 enirn
601 3818 705 3875 mons
730 3795 818 3868 Sion
846 3792 985 3866 civitati
1006 3786 1224 3863 Hierusalem
1241 3785 1352 3858 immi.

291 3932 402 3991 nens:
439 3906 490 3981 est
509 3918 627 3980 autem
647 3898 769 3972 eadem
792 3891 930 3966 Civitas
951 3894 1000 3964 ita
1020 3889 1155 3982 posita,
1191 3899 1231 3956 ut
1255 3886 1349 3956 circa

292 4011 400 4107 ipsam
418 4009 535 4102 plures
558 4004 625 4078 srnt
644 4011 798 4073 montes.
852 3994 925 4088 Qui
944 4012 1031 4086 ergo
1055 3986 1207 4077 conlidit
1219 3983 1255 4054 in
1272 3981 1349 4053 Do·

291 4104 406 4206 mino,
431 4093 911 4199 illumproleiiumhabebit,
935 4081 1350 4258 utfitficutmorsssion.

1249 4204 1301 4257 on
