3317 4900
605 507 656 562 ru
679 486 881 566 scum
905 488 1110 570 Hrcanrr:
1304 489 1373 576 xrx'

400 673 437 746 ς.
464 650 574 726 Licet
591 649 943 736 nemincmsciamua,
968 655 1042 746 qui,
1065 653 1164 748 quod
1181 655 1227 731 de
1237 653 1369 734 Christi

297 774 419 874 gloria
447 767 583 866 scripsit
609 770 795 854 Hilarius,
832 773 1046 886 nominatim
1074 775 1367 877 reprehenderit,

293 917 378 972 rem
398 906 516 968 tamen
532 888 680 966 Ledori
696 911 773 966 non
789 891 964 989 ingratam
984 915 1054 968 noa
1078 880 1234 970 fauoris
1253 897 1369 993 spera·
1394 941 1397 946 ·

296 1025 414 1108 mua‚'
426 1014 466 1090 -li
484 1006 583 1088 illiua'
603 1031 646 1085 ea
668 1011 714 1087 de
727 1029 767 1091 re
784 1009 994 1089 sententiam
1010 1013 1170 1088 collectis
1190 1038 1235 1091 ex
1251 1020 1368 1094 omni·

294 1141 371 1215 but
391 1135 465 1228 ejus
481 1132 622 1229 scriptia
635 1135 672 1207 in
687 1153 799 1208 unum
812 1138 1030 1232 argumentis
1045 1137 1108 1210 sub
1124 1155 1199 1209 uno
1219 1139 1367 1237 conspe·

295 1257 360 1334 itu
371 1276 570 1354 ponamus,
595 1273 637 1329 ac
653 1253 894 1348 explicemus,
919 1275 1003 1330 cum
1016 1253 1154 1329 intersit
1173 1255 1365 1348 plurimum

292 1379 343 1456 ed
362 1377 489 1453 Hilarii
514 1372 646 1471 scripta
668 1372 856 1447 accedenti
872 1375 990 1468 probe
1016 1395 1096 1450 earn
1124 1373 1196 1449 elle
1222 1376 1366 1472 perspe-

298 1498 402 1575 ctam.
453 1494 1367 1586 Namqueutplurimum-antdecertat'dontreAria·

291 1641 392 1714 noa,
423 1629 487 1691 aut
509 1607 678 1688 adversus
697 1611 942 1688 fraudulentas
954 1615 1099 1691 illorum
1118 1633 1216 1691 artea
1228 1616 1366 1692 Catho-

294 1743 392 1815 licoa
413 1736 554 1812 munire
580 1733 718 1808 nititur.
770 1729 865 1806 cum
887 1748 1004 1808 autem
1028 1733 1071 1807 ad
1098 1735 1367 1829 deprimendam

291 1856 430 1935 :christi
453 1856 603 1953 gloriam
622 1849 771 1927 infirma.
785 1852 892 1945 ipfius
912 1853 1014 1927 ditta·
1028 1855 1192 1950 gestaque
1206 1855 1367 1932 solerent

290 1980 486 2072 objicere,
519 1975 609 2050 nihil
633 1985 764 2046 contra
783 1969 943 2045 studioso
963 1969 1093 2046 Christi
1110 1975 1289 2050 defensori
1310 1975 1367 2052 so.-

297 2099 453 2176 lemniua
471 2094 560 2187 suit,
585 2105 691 2185 quani
702 2103 745 2163 ut
759 2090 803 2164 ad
820 2090 1058 2165 revelandum
1073 2092 1221 2167 Domini
1235 2094 1286 2169 sui
1299 2118 1367 2171 no·

295 2238 385 2296 rnen
407 2214 453 2290 de
466 2213 603 2312 gloria,
635 2231 678 2283 ac
697 2211 971 2309 potentiailllua
989 2210 1190 2290 dissereret.
1246 2214 1367 2313 Cespi-

295 2339 393 2416 tabit
408 2337 516 2435 igitur
526 2331 667 2430 iugulis
683 2328 759 2404 sera
776 2331 934 2427 paginis,
967 2332 1025 2405 cui
1044 2333 1185 2409 obscuri
1204 2355 1310 2411 erunt
1324 2338 1367 2412 il·

293 2463 367 2538 lius
379 2458 425 2532 de
440 2457 555 2554 gloria
570 2449 701 2529 Christi
716 2452 891 2546 loquendi
906 2451 1028 2544 modi3
1053 2449 1177 2549 saepiue
1195 2458 1367 2535 enimuti.

296 2594 359 2657 tur
376 2577 562 2653 inuitatis.

400 2694 451 2770 Ec
464 2700 529 2805 'eos
542 2693 685 2787 quidem
699 2690 871 2769 haetenus
885 2688 1172 2769 intelleiloanon
1181 2694 1281 2772 soille
1292 2700 1367 2778 hoc

291 2812 509 2917 persuadet,
533 2813 655 2908 quod,
683 2813 741 2905 qui
761 2811 887 2888 Hilarii
904 2834 1015 2906 opera
1030 2837 1107 2890 non
1123 2816 1284 2892 modoin
1299 2840 1366 2895 no·

293 2936 439 3013 uiffimia
458 2933 606 3029 seculis,
631 2929 691 3006 sed
709 2931 744 3006 dr
759 2946 845 3006 ante
863 2951 977 3007 annos
997 2941 1079 3014 800.
1093 2954 1366 3037 recognovere,

295 3077 364 3134 eos
384 3054 598 3150 potillimum
620 3053 851 3146 corruperint
871 3054 1000 3146 locor,
1034 3055 1071 3129 in
1093 3058 1221 3148 quibua
1237 3059 1299 3134 ille
1318 3061 1366 3137 dc

294 3175 428 3252 christi
455 3175 572 3272 gloria
598 3174 777 3265 uberius,
815 3194 857 3246 ac
880 3170 1166 3270 magnificentius
1189 3178 1366 3268 loquitur.

295 3297 372 3373 Alii
390 3313 484 3372 vero
506 3288 792 3386 scrupulosiores.
805 3313 826 3365 e
840 3293 990 3390 regione
1007 3294 1175 3369 locorum
1195 3300 1367 3393 illorum,

295 3436 392 3508 quoa
407 3428 587 3491 temerare
607 3431 686 3487 oon
702 3408 785 3487 sunt
804 3411 897 3507 auli,
931 3412 975 3514 ad
993 3434 1093 3491 oram
1111 3413 1200 3494 Mla.
1216 3406 1368 3493 adnota'.

296 3533 652 3627 rontecaarelrgn·
772 3526 774 3532 '
907 3594 925 3601 ..
1336 3554 1340 3565 ·

400 3651 545 3730 Certeli
562 3648 1179 3746 soloaattendaalonorverborum
1205 3653 1259 3745 iia,
1286 3674 1366 3750 que

294 3774 363 3853 llb.
382 3791 417 3869 9.
438 3773 482 3851 de
500 3767 634 3848 Trinit
651 3779 685 3868 ς.
703 3780 760 3865 38.
775 3767 964 3867 offendes,
987 3769 1174 3869 significari
1192 3774 1367 3852 existima·

295 3897 354 3973 bia
368 3895 558 3971 humanam
575 3889 703 3969 Christi
716 3904 879 3967 naturam
890 3892 942 3966 ita
954 3892 993 3967 in
1008 3890 1367 3988 divinam'tramiill'e,

295 4026 342 4088 ut
359 4029 474 4111 genua
491 4013 655 4109 mutarit,
681 4008 813 4088 &hinc
829 4030 902 4099 una
917 4008 1070 4088 evaserit
1089 4011 1161 4090 Dei
1174 4016 1208 4093 dr
1223 4014 1369 4092 aasumtl

295 4130 457 4215 lucrinis
473 4143 614 4223 natura
669 4182 676 4203 2
799 4186 802 4191 -
1214 4174 1221 4185 κ

345 4266 373 4307 =‘·
515 4264 518 4273 ’
742 4322 744 4326 .
794 4254 871 4347 ba
960 4263 963 4269 “
1237 4252 1362 4337 idem
