3317 4900
382 410 670 528 ‘sancturus
694 463 744 525 nr
766 445 978 525 CXXVII.
1004 445 1235 525 statuum.
1308 458 1355 547 89

292 635 361 696 nus
376 611 576 688 secundum·
587 606 781 704 E'vangelis
793 608 940 701 sponsus
957 606 1022 690 est,
1045 607 1364 701 &secundume

295 722 421 794 ¹aunem
436 714 548 785 hahet
565 707 741 802 sponsam,
768 708 811 782 de
823 706 958 800 sponsis
977 709 1148 797 terrenis,
1175 707 1207 780 u
1222 730 1354 801 corpo.

291 815 427 890 salibus
441 806 623 907 significari
638 806 904 882 existimandum
921 804 997 880 ests
1023 806 1112 879 Non
1126 810 1267 899 utique:
1294 808 1354 888 sed

290 914 468 1009 perhanc
489 908 657 983 sermonis
676 905 970 987 consuetudinem
988 906 1160 981 docemur
1173 929 1252 984 eum
1267 908 1354 993 else,

293 1015 356 1105 qui
384 1007 568 1103 promissus
593 1006 634 1080 stt
656 1007 844 1104 gentibus,
878 1009 1006 1095 cuique
1033 1005 1169 1081 aPatre
1188 1006 1366 1084 Ecclesia

292 1110 505 1196 haereditas,
540 1127 603 1200 per
627 1111 696 1180 ado
724 1107 861 1180 tionem
880 1105 1069 1199 corporis,
1104 1106 1202 1199 quod
1220 1130 1264 1181 ex
1283 1111 1353 1181 vir·

294 1212 381 1310 gine
396 1206 641 1302 praesumturus
661 1129 768 1289 effer,
793 1204 962 1300 desponsa
979 1206 1030 1282 stt.

398 1330 431 1405 9.
458 1307 510 1384 Ut
526 1323 644 1382 autern
662 1328 758 1380 nunc
774 1305 1054 1402 cognoscamus,
1080 1306 1163 1397 quid
1184 1304 1245 1380 sub
1262 1327 1352 1380 uxo·

292 1412 343 1487 'ris
363 1408 634 1500 nuncupatione
651 1408 800 1500 intelligi
814 1419 1003 1496 oporteat,
1030 1408 1276 1480 contuendum
1289 1406 1353 1497 est,

296 1510 379 1602 quid
401 1508 532 1580 &alibi
551 1504 613 1583 sub
632 1506 707 1579 hoc
724 1508 852 1579 eodem
869 1506 992 1579 uxoris
1007 1508 1154 1580 nomina
1172 1505 1354 1585 trasletur.

295 1611 468 1686 Salomon
486 1608 608 1697 itaque
626 1604 692 1680 ait:
727 1601 881 1697 Quaesrui
899 1603 1100 1696 sapientiam
1116 1603 1273 1700 sponsam
1296 1606 1369 1678 ad·-

297 1711 429 1786 ducere
444 1706 528 1781 mihi
545 1706 619 1799 ipst.
671 1701 719 1776 Et
738 1705 839 1793 quia,
868 1706 927 1793 qui
943 1701 1099 1793 sponsam
1114 1706 1277 1799 requirit,
1304 1705 1356 1780 di·

297 1803 412 1882 vitem
436 1807 580 1897 queritt
611 1804 716 1895 hujus
732 1803 865 1895 sponsa
885 1799 953 1878 suae
967 1821 1055 1892 opes
1077 1822 1272 1884 memorat,
1306 1806 1357 1876 di·

297 1929 403 1990 censs
433 1904 664 1978 Honestatem
678 1899 876 1999 glorificat,
903 1899 1108 1978 corvinum
1127 1904 1193 1977 Dei
1208 1906 1372 2000 habens,

301 2010 336 2081 ἃ
364 2005 523 2078 omnium
547 2002 723 2077 Dominus
738 2003 870 2077 dilexit
895 2022 994 2094 earn,
1025 2000 1260 2101 &inultam
1278 2007 1355 2093 quit

298 2101 744 2198 cognitionemdestderat,
767 2103 889 2194 novit,
915 2101 1358 2200 &queaprincipiosunt,

298 2208 335 2279 ἂ
351 2223 428 2294 que
446 2201 565 2275 sutura
584 2200 678 2294 sunt,
704 2201 888 2295 conspicit
938 2198 987 2276 Et
1000 2204 1103 2276 item:
1130 2200 1291 2274 Uxorem
1305 2206 1359 2274 ui·

297 2308 402 2378 rilem
431 2302 507 2393 quis
529 2301 711 2375 inveniet:
751 2300 941 2394 pretiosior
964 2299 1154 2378 estantem
1183 2302 1358 2390 lapidibus

298 2404 404 2481 multi
427 2402 531 2498 pretii
555 2399 765 2477 istiusmodi.
825 2396 874 2474 Et
893 2399 968 2475 hec
984 2401 1021 2477 ln
1041 2402 1245 2499 proverbiis
1268 2400 1359 2498 dista

299 2504 399 2579 sunta
426 2505 506 2594 quia
521 2503 755 2593 proverbium
769 2521 844 2573 norr
865 2501 960 2594 hoc,
982 2502 1083 2592 quod
1105 2502 1224 2574 verbis
1243 2500 1363 2595 sonat,.

302 2603 473 2692 explicat,
499 2601 555 2673 sed
565 2600 739 2673 ditiorum
749 2602 921 2673 virtutem
932 2600 1047 2675 axttsu
1057 2604 1250 2675 verborum
1262 2623 1361 2676 com·

302 2703 462 2780 munium
477 2701 627 2774 nuntiat.
679 2699 804 2776 Docet
818 2714 935 2772 autem
950 2700 1126 2774 Dominus
1142 2701 1178 2773 in
1198 2698 1360 2797 Evange-

301 2800 390 2890 liis,
408 2799 491 2890 quid
503 2801 698 2891 proverbia
713 2798 1031 2894 intelligenda-sint,
1057 2801 1204 2875 dieenst.
1226 2801 1361 2876 Veniet

302 2903 418 2985 hora,
455 2915 494 2974 ut
518 2899 685 2988 jamnon
708 2898 744 2971 in
761 2899 968 2991 proverbiis
989 2900 1115 2990 loquar
1134 2901 1262 2990 vobis,
1297 2897 1361 2974 sed

303 3002 419 3097 palam
447 2998 491 3073 de
511 2997 616 3073 Patre
641 3000 849 3073 annuntiem
866 3000 985 3073 vobis.
1051 2997 1148 3093 Ergo
1170 2998 1362 3077 seeundum

302 3100 585 3192 proverbiorum
613 3100 790 3171 rationem
809 3118 962 3173 uxorem
984 3097 1124 3172 virilem
1140 3098 1240 3173 nosse
1257 3101 1362 3174 debe·

304 3220 404 3287 mus,
430 3219 506 3272 eam
526 3219 668 3289 nempe,
695 3219 798 3288 quam
819 3195 881 3270 fibi
896 3197 1068 3271 Salomon
1086 3196 1244 3289 sponsam
1259 3214 1361 3292 opta·

304 3301 362 3370 vit
384 3295 574 3382 assumere;
615 3296 659 3368 de
682 3317 749 3387 qua
770 3296 804 3369 ἀ
825 3294 961 3371 rursum
976 3300 1043 3371 ait:
1077 3297 1240 3391 Judicavi
1255 3300 1362 3392 igitur

304 3398 398 3474 hanc
424 3397 602 3471 adducere
619 3396 661 3469 ad
683 3395 954 3469 convivendum
972 3416 1133 3488 mecum,
1173 3398 1365 3473 &amator

305 3496 418 3570 satius
440 3496 806 3598 sumpulchritudirris
821 3495 908 3585 ejus.
961 3495 1048 3569 Haet
1067 3498 1174 3590 igitur
1188 3512 1366 3586 tamquam

304 3613 401 3668 uxor
415 3594 557 3668 assumta
571 3595 737 3684 sapientia
752 3593 863 3667 uirilis
882 3592 945 3686 est,
972 3592 1303 3687 permisissemus,
1330 3594 1368 3671 δε

306 3691 546 3787 sibisubdena,
574 3695 605 3766 sir
623 3697 659 3767 in
675 3695 800 3766 labore
814 3694 951 3766 utilium
970 3716 1121 3784 operum
1136 3696 1262 3782 valida.
1288 3692 1368 3787 Ipsa

293 3794 395 3866 ¹Deo
419 3794 569 3884 placita,
605 3794 638 3870 &
657 3814 720 3884 per
738 3791 933 3866 destrinam
950 3796 1025 3886 ejus
1044 3796 1147 3889 digna
1163 3793 1196 3867 &
1211 3797 1373 3886 pretori·

306 3907 431 3974 torum
454 3891 618 3983 scientia,
645 3892 902 3965 &futurorum
921 3897 1132 3989 cognitione
1146 3892 1317 3988 penetra.
1370 3934 1375 3943 ·

415 4013 469 4069 ro.
497 3990 583 4063 Haec
604 3992 759 4065 timentia
786 3991 904 4065 Deum
929 4013 1023 4066 uxor
1044 3995 1132 4069 totis
1155 3993 1282 4071 domus
1300 3990 1368 4073 suae

308 4093 481 4177 luteribus
497 4088 641 4172 diffusa.
666 4090 933 4281 secmd}·gitis
953 4093 1089 4190 ruodo,
1115 4091 1231 4191 seper
1249 4094 1385 4173 omnis·

737 4237 741 4245 ·
1089 4279 1093 4285 ,
1166 4215 1319 4298 operum
