3317 4900
397 401 687 520 Tnncraaus
710 463 766 522 ru.
787 415 957 522 c'xxn.
984 407 1218 528 P'sntuura.
1295 473 1342 556 39

370 605 442 682 Pax
467 619 576 696 atque
596 607 710 678 virtus
731 606 859 680 domus
877 606 981 699 huJ'us
1000 610 1157 685 invicem
1173 632 1342 690 connexa

269 704 352 782 sunt
376 707 451 781 srbi.
507 705 578 779 Sed
595 706 632 780 in
653 706 819 780 omnibus
837 727 970 804 genere
992 710 1151 784 civitatis
1172 714 1258 786 nihil
1276 736 1340 790 ne·

264 813 340 900 'que
358 803 515 898 firmius,
550 825 667 897 neque
684 806 806 878 utilius
818 859 830 898 ‚
842 821 845 828 '
857 829 976 898 neque
991 810 1163 888 excetfius
1180 814 1340 890 turribus
1410 839 1413 856 ·

266 906 331 982 est.
392 906 487 979 Nam
504 926 584 978 cum
605 906 651 979 de
669 927 757 998 pace
778 908 925 979 virtutis
944 912 1117 982 memoria
1137 910 1245 1003 effer,
1280 916 1340 987 ab·

265 1007 475 1080 undantium
492 1005 719 1078 beatitudinis
736 1005 901 1097 perfettae
918 1009 1075 1083 civitatis
1089 1010 1193 1100 hujus
1206 1012 1339 1104 princi·

266 1108 375 1200 pibus
390 1107 626 1197 populorum,
654 1117 831 1197 tamquam
848 1103 1056 1202 firmiffimis‚
1083 1109 1337 1209 &graviffimia
1370 1133 1373 1138 ·

269 1208 481 1299 deputavit,
508 1205 648 1280 dicens:

372 1306 418 1377 Et
437 1306 633 1375 abundantia
652 1314 690 1376 in
706 1306 854 1377 turribus
872 1311 951 1383 tuis.
1010 1305 1078 1380 Per
1095 1309 1193 1400 quod
1207 1309 1338 1384 intelli·

267 1406 384 1499 gitur,
422 1404 674 1479 abundantiam
697 1404 790 1478 hanc
814 1427 889 1479 non
910 1407 1146 1499 promiscuam
1165 1410 1335 1485 omnibus

265 1502 356 1596 effe,
393 1503 452 1577 sed
472 1504 644 1577 Fidetium
669 1519 827 1595 tantum,
865 1504 1126 1583 &Sannorum
1145 1511 1334 1602 virorum,

265 1605 325 1694 qui
347 1605 477 1677 ceteris
501 1604 604 1675 velut
627 1605 783 1676 turribus
807 1603 1040 1681 aedificiorum
1062 1611 1263 1698 emineant3
1296 1609 1335 1684 id

267 1707 340 1793 est,
374 1703 608 1793 Patriarchae‚
647 1702 860 1795 Prophetae,
894 1704 1083 1798 Apostoli,
1119 1707 1332 1802 Martyres,

267 1805 311 1876 de
328 1805 455 1896 quibus
472 1803 650 1878 Dominus
668 1806 703 1876 in
722 1799 923 1899 Evangelio
940 1806 1006 1876 ait:
1035 1809 1142 1895 Pater,
1163 1831 1219 1905 pro
1235 1809 1288 1877 his
1301 1825 1333 1880 re

268 1929 355 1995 rogo,
381 1919 420 1972 ut
433 1926 536 1972 amnes
551 1930 652 1973 unum
661 1906 781 1999 fimus:
806 1904 866 1976 hic
883 1902 935 1975 est
950 1903 1127 1978 Dominus
1141 1908 1262 1984 noster
1274 1907 1334 2004 Je-

265 2002 323 2078 sut
342 1999 523 2095 Christus,
549 2004 608 2092 qui
626 2003 676 2075 est
692 2002 898 2077 benedictus
916 2004 952 2075 in
969 2001 1098 2078 secula.

439 2181 443 2194 ¹
548 2122 723 2177 exuerem
746 2123 912 2177 remmus
939 2123 1038 2178 cxxt.

275 2308 675 2330 *ῃ
679 2307 1332 2348 ᾑ-*ΙἈ

501 2439 869 2516 Psanus
921 2439 1088 2518 CXXII.

597 2635 786 2716 Canticum
811 2640 994 2737 graduum.

342 2790 406 2861 dre
419 2789 530 2861 levavi
542 2791 639 2860 oculos
656 2815 746 2877 meos,
773 2794 828 2888 qui
842 2790 966 2862 habitat
984 2794 1021 2865 a'n
1032 2791 1113 2866 colo.
1167 2788 1331 2887 Erccfitut

366 2891 448 2959 eroli
461 2891 628 2979 servorum
651 2896 687 2961 r'n
707 2889 851 2961 monibus
866 2893 1060 2963 dominorum
1072 2891 1220 2982 fitorum,
1250 2892 1330 2985 ficut

263 2992 346 3061 oculi
369 2993 490 3060 ancilla
511 2996 547 3060 in
570 2991 713 3061 monibus
736 2992 866 3062 domina
886 2991 967 3079 fua:
1004 2998 1053 3063 ito
1072 2992 1155 3063 oculi
1169 2990 1268 3089 nostri
1287 2990 1330 3062 od

267 3093 443 3160 Dominum
464 3094 566 3175 Deum
584 3091 742 3186 nostrum,
768 3093 862 3163 donec
876 3092 1062 3181 mafereotur
1077 3091 1177 3164 nobis.
1227 3092 1327 3173 Mise-

265 3214 332 3262 rere
348 3192 456 3263 nobas:
494 3197 649 3281 Domine,
675 3193 816 3280 miserere
836 3193 941 3261 nobis:
966 3197 1040 3288 quio
1057 3194 1192 3263 multum
1214 3187 1327 3286 repleti

256 3292 367 3381 sumus
381 3297 606 3365 contemtione:
641 3297 716 3387 quio
736 3294 872 3362 multum
888 3293 1004 3389 repleto
1018 3292 1060 3386 est
1079 3299 1190 3366 animo
1209 3292 1326 3388 nostro.

265 3393 470 3488 opprobrium
485 3392 735 3479 abundantibus,
761 3394 799 3467 (ὅ
813 3391 961 3488 despefia'o
970 3392 1122 3490 superbis.

384 3520 414 3629 .’
488 3548 845 3629 Tuncrauus
878 3550 1099 3628 rsnnmt.

266 3709 300 3766 1.
379 3687 507 3762 fficitur
526 3693 647 3783 rebus,
675 3691 772 3781 quod
785 3692 892 3764 titulo
905 3686 1223 3785 praescriptumest:
1247 3708 1326 3784 gra·

406 3790 508 3861 dibus
534 3793 628 3865 enirn
653 3790 784 3865 cantici
807 3806 985 3882 tamquam
1009 3792 1055 3864 de
1075 3790 1263 3875 humilibus
1278 3788 1325 3862 ad

263 3885 404 3963 excelsa
414 3886 676 3965 conscenditur.
728 3889 895 3982 Namque
906 3892 943 3965 in
960 3891 1077 3983 primo
1090 3890 1233 3969 cantico
1248 3910 1326 3983 gra·

263 3987 1185 4065 duumaddominumdetribulationeclamatumest.
1226 3986 1326 4061 Post·

266 4111 309 4164 ea
328 4089 441 4163 levati
466 4091 562 4165 oculi
587 4090 899 4262 inruontezsunt,
938 4089 1194 4183 &quaefitum,
1230 4086 1326 4203 unde

816 4214 842 4283 4
1178 4206 1288 4261 uem-
