3317 4900
449 420 833 500 conuertuntur
865 439 931 509 nn,
954 419 1219 500 Marnnuu.
1295 441 1368 520 45¹1

295 588 364 685 qul
382 581 703 677 contemnenti,
730 597 910 673 tamquam
928 581 1043 658 nostin
1061 584 1195 677 aleria,
1221 584 1289 662 lint
1304 590 1369 664 im.

298 690 439 768 molati.
490 684 655 780 saginata
672 703 780 773 vero,
804 679 1058 758 sunthomines
1069 684 1253 780 spiritales,
1281 703 1369 766 tam·

302 808 409 885 quam
424 781 558 870 celesti
572 805 664 876 pane
679 783 723 858 ad
739 781 958 858 evolandum
975 805 1062 858 avec
1079 782 1198 878 peste,
1221 804 1367 863 ceteros

302 888 446 978 recepti
467 886 537 959 cibi
558 885 725 959 ubertate
744 881 950 975 expletura.
1008 882 1074 958 Hir
1091 888 1185 959 enim
1200 889 1367 964 omnibus
1452 884 1454 890 ’

292 991 372 1084 jam
389 983 534 1079 pararit,
560 982 595 1058 dr
612 984 649 1058 in
667 995 854 1056 numerum
871 983 1095 1075 complacite
1108 984 1193 1058 Deo
1210 989 1369 1062 multitu·
1445 1064 1448 1069 ⁴

291 1090 396 1162 dinis
413 1081 595 1182 collectis,
620 1084 721 1182 regni
741 1077 891 1156 caelestis
908 1084 1022 1181 gloria
1040 1097 1218 1179 tamquam
1235 1089 1369 1182 nuptie

303 1188 526 1264 nuntiantur.

406 1304 440 1375 5.
467 1280 538 1358 Sed
560 1300 687 1358 eorum
709 1299 856 1375 quoque
874 1279 1155 1360 admonitionem
1176 1283 1227 1357 ita
1247 1285 1368 1382 negle-

304 1400 460 1478 xerunt,
494 1396 537 1458 ut
559 1384 666 1473 aliqui
686 1401 812 1457 eorum
839 1382 1034 1456 ambitione
1055 1381 1162 1456 seculi
1188 1398 1368 1488 tamquam

305 1508 394 1584 agro
419 1498 703 1576 occuparentur:
740 1484 859 1575 plures
884 1499 975 1556 vero
993 1486 1041 1558 ob
1057 1486 1218 1578 pecunie
1233 1483 1369 1577 cupidl-

303 1573 940 1686 tatqrnnegotiationedetinerentur.
990 1579 1368 1659 Cetariautemmillos

259 1737 260 1776 ;
295 1682 448 1775 ¹servor,
473 1682 571 1773 quod
585 1683 622 1753 in
635 1680 715 1772 ipsis
730 1678 916 1772 Apostolir
928 1682 1110 1774 expletum
1127 1683 1191 1775 est,
1218 1680 1368 1758 affertos

258 1837 263 1886 ἱ
303 1785 442 1879 injuriis
462 1779 688 1855 occiderunt.
738 1779 808 1852 Sed
827 1794 899 1853 tarn
916 1780 1075 1855 immanis
1092 1780 1174 1856 fatti
1190 1780 1301 1856 scelus
1315 1785 1368 1858 ul·

260 1899 262 1904 '
304 1877 726 1978 tiodiguaconsequitur.
765 1877 1382 1959 Milliexercituscoelesteromnem-

306 2003 435 2060 eorum
456 1981 770 2075 congregationem
784 1978 922 2070 iudicio
941 1978 1010 2052 Dei
1025 1994 1149 2065 urent,
1176 1978 1370 2059 &flammis

305 2082 433 2158 aeterni
445 2075 786 2176 ignissuccendent3
812 2080 1271 2169 quiacontrahumenitatir
1286 2079 1371 2160 effe·

308 2182 404 2259 tium
420 2180 679 2254 homicidarum
696 2179 787 2250 odiis
805 2177 1006 2255 sevierunt.
1067 2211 1069 2222 ·
1344 2231 1347 2236 -

410 2283 445 2356 6.
472 2280 654 2376 Quoniam
677 2295 769 2350 vero
788 2277 833 2350 de
843 2279 966 2371 judicii
982 2294 1148 2370 tempore
1165 2274 1370 2362 &resurre-

308 2379 438 2459 dionis
459 2377 524 2454 ista
539 2377 723 2470 loquitur,
758 2372 956 2453 sermonem
979 2379 1143 2455 eumdem
1165 2381 1207 2454 ad
1223 2391 1376 2476 congre·v

296 2485 491 2584 gerionem
504 2481 663 2578 gentium
679 2477 814 2553 retulit.
865 2478 1019 2575 indignis
1033 2482 1125 2552 enim
1138 2482 1289 2573 repertis
1304 2482 1374 2576 hic,

258 2641 261 2665 ,
310 2585 372 2677 qui
390 2580 492 2677 primi
513 2577 657 2652 invitati
679 2572 836 2671 fuerant,
858 2577 962 2671 jubet
972 2579 1017 2650 iri
1032 2579 1074 2652 ad
1090 2583 1206 2654 exitus
1220 2579 1369 2657 viarum.

310 2680 428 2756 Dono
446 2679 540 2752 enim
556 2676 699 2775 gretie,
733 2678 818 2749 vitae
829 2678 1018 2752 anterioris
1038 2681 1185 2754 'crimina
1202 2679 1373 2755 omittun-

258 2843 262 2875 ,
310 2795 381 2856 tur.
432 2779 527 2854 Nam
539 2775 713 2870 saepillirne
728 2779 823 2851 viam
837 2794 976 2871 tempus
991 2779 1095 2851 seculi
1107 2780 1374 2875 intelligendam
1444 2770 1447 2775 ’

258 2880 262 2953 2
307 2879 527 2958 monuimus.
586 2877 708 2968 Atque
735 2876 819 2949 ideo
841 2878 883 2950 ad
902 2882 1019 2951 exitus
1043 2880 1181 2953 viarum
1202 2880 1375 2970 iubentur

258 2984 263 3095 ἰ
309 2982 386 3070 ire3
414 2980 494 3072 quia
515 2977 681 3050 omnibus
696 2990 797 3048 retro
816 2976 892 3049 atla
907 2979 1098 3055 donantur.
1157 2976 1294 3051 Vocari
1316 2979 1376 3057 de·

258 3146 261 3161 ι
310 3081 398 3157 inde
419 3097 547 3152 omnes
569 3074 642 3151 fine
663 3076 778 3168 aliqua
796 3080 1014 3169 exceptione
1035 3078 1076 3149 ad
1092 3081 1232 3170 nuptias
1247 3077 1374 3170 jubet,

258 3174 263 3289 ἑ
313 3174 934 3253 &melistmulcumbonisveniunt.
984 3176 1297 3269 Vocatioquidem
1311 3180 1377 3250 bo-

259 3290 260 3297 '
311 3298 384 3354 noa
402 3274 544 3354 efficere
562 3275 755 3362 debuerat,
789 3275 873 3366 quia
885 3272 997 3349 santia
1014 3275 1084 3360 est,
1118 3279 1211 3350 &ex
1233 3277 1375 3369 optimo

258 3444 263 3495 ι
312 3369 446 3453 effodiri
460 3375 648 3448 invitantis
664 3371 825 3468 profetia
839 3370 904 3449 eli:
930 3374 987 3448 sed
1005 3396 1068 3469 per
1081 3377 1378 3453 vitiuminemen·

258 3546 263 3575 ,
315 3477 408 3553 data
422 3475 623 3549 voluntatis
640 3473 828 3547 discrimen
847 3471 896 3548 est
915 3492 1145 3551 vocatorum.

258 3582 261 3592 ’
416 3595 451 3668 7.
480 3570 528 3647 Et
543 3574 675 3666 quirin
693 3571 855 3647 fallendis
871 3576 1076 3650 hominibus
1088 3574 1277 3668 plurimum
1293 3574 1377 3650 artis

258 3658 261 3755 Ϊ
314 3676 451 3755 habere
471 3670 584 3748 soleat
604 3673 796 3759 nmulatio,
831 3673 947 3766 quaesr
967 3694 1035 3748 nos
1051 3677 1111 3748 vel
1130 3670 1270 3749 secreto
1280 3697 1379 3752 men·

315 3779 364 3851 tir
379 3778 522 3864 aliene,
546 3774 608 3846 vel
624 3774 980 3867 srmplicitetejudicii
995 3775 1106 3848 nostri
1120 3771 1304 3859 fefellerit,
1328 3790 1381 3849 ta-

314 3885 400 3953 men
417 3874 533 3947 Deum
554 3873 665 3947 latere
679 3892 755 3946 non
771 3871 893 3967 polsrtr
920 3874 1005 3948 ideo
1021 3870 1190 3971 ingress'ua
1210 3872 1312 3949 Deua
1330 3875 1381 3948 fe-

312 3978 394 4055 licia
409 3972 673 4048 resurredtionir
695 3973 792 4047 istius
807 3989 960 4066 cretum,
993 3974 1224 4050 &hominem
1243 3996 1384 4049 accum-

289 4074 463 4155 nantem
485 4070 558 4151 linc
583 4074 735 4169 nuptiali
755 4071 857 4148 veste
878 4072 1103 4172 conspicient
1106 4126 1125 4197 θ
1159 4078 1382 4173 interrogat,

787 4168 850 4251 nt
872 4192 895 4249 a
1182 4194 1335 4271 quomo·

1417 4288 1454 4441 l
