3317 4900
326 438 471 522 3184·
585 423 699 502 Vs,
751 381 1081 504 Hruarrt.

320 653 324 662 .
438 605 495 664 11.
521 581 588 660 Ait
603 585 713 662 enim:
742 589 783 670 ln
796 609 987 685 quacumque
1001 588 1051 658 lle
1068 589 1255 660 invocavero
1274 604 1324 669 te,
1352 599 1413 676 exi,

335 693 412 774 aeli
430 712 487 764 me.
540 685 688 760 Nullum
703 688 795 761 diem
807 686 919 779 iustus
935 689 1085 779 quisque
1095 688 1165 763 sine
1177 703 1276 764 metu
1287 705 1406 766 trans·

335 793 419 890 igit:
461 806 578 878 neque
594 787 698 858 anxia
719 786 854 880 semper
873 807 957 882 erga
972 787 1006 860 se
1021 784 1109 872 fides
1130 786 1243 863 securi
1261 802 1406 885 tempo·
1450 837 1452 882 Ι

336 893 385 966 ris
408 888 522 962 otium
539 885 681 978 recipit.
731 887 806 960 Scit
821 907 946 961 omnes
968 886 1042 960 ‹iies
1060 890 1188 981 plenos
1203 887 1406 966 insidiarum

337 991 400 1068 fibi
416 985 500 1076 elie,
527 985 673 1058 diabolo
690 999 797 1077 atque
814 988 946 1083 angelis
963 988 1038 1079 eius
1057 988 1234 1062 excidium
1243 988 1304 1062 fibi
1317 991 1407 1064 lem·

339 1110 405 1186 per
426 1086 669 1161 molientibus.
721 1087 797 1160 Scit
814 1085 907 1160 diem
926 1087 1021 1160 illam
1039 1086 1188 1161 Domini
1208 1090 1406 1177 occultam,
1450 1131 1452 1144 =

339 1187 572 1282 insperatam,
599 1184 761 1260 &modo
779 1185 946 1260 notiurni
965 1187 1051 1260 furis
1064 1188 1289 1280 repentinam
1310 1187 1407 1263 futu·

340 1309 425 1362 tarn.
478 1285 533 1360 Ut
552 1285 661 1380 igitur
677 1282 712 1358 se
730 1287 766 1359 in
782 1306 1006 1376 quacumque
1025 1285 1082 1360 die
1099 1288 1335 1364 invocantem
1349 1312 1407 1364 ex·
1449 1239 1452 1364 i

343 1387 480 1477 audiat,
515 1386 739 1477 deprecatur.
786 1383 871 1460 Nec
890 1383 1016 1460 diffidit
1030 1385 1233 1480 Propheta,
1261 1390 1348 1481 quid
1370 1391 1408 1465 in
1448 1395 1452 1460 i

318 1571 320 1578 ,
342 1487 567 1582 'quacumque
585 1486 642 1558 die
658 1485 845 1559 exauditus
866 1487 1041 1560 obtineat.
1102 1486 1271 1578 Sequitur
1290 1491 1407 1564 enim:
1450 1517 1452 1570 f

342 1587 583 1680 Multiplicabis
597 1610 643 1654 me
666 1588 704 1654 in
726 1591 914 1657 animantes
930 1593 967 1656 in
981 1593 1109 1658 virtute
1126 1603 1193 1662 tuo.
1241 1587 1410 1662 Permul-

344 1701 416 1762 tam
440 1685 573 1760 scilicet
596 1683 665 1756 Dei
690 1705 809 1760 curam
828 1686 1122 1777 multiplicabitur
1139 1687 1209 1781 ipse
1223 1686 1260 1760 in
1280 1690 1411 1762 animae
1440 1713 1444 1724 ·

233 1831 237 1842 «
346 1788 501 1859 virtute:
540 1806 585 1857 ne
606 1785 688 1874 quid
707 1788 743 1856 in
767 1783 801 1857 se
818 1786 1132 1869 tribulationibus,
1162 1785 1312 1877 nequid
1337 1800 1412 1859 ter·

307 1905 312 1920 ‘
344 1886 488 1964 toribus
514 1897 655 1978 pateat3
692 1884 751 1958 sed
769 1908 849 1959 cum
871 1885 1090 1959 tentationes
1106 1889 1291 1981 ingruent,
1323 1907 1413 1961 cum

344 2000 463 2062 metus
485 1984 631 2072 incidet,
657 1985 777 2060 omnia
798 1987 1031 2078 multiplicata
1045 1988 1169 2060 animes
1185 1986 1321 2060 virtute
1338 1988 1413 2058 tol·

345 2088 520 2164 letentur.
936 2163 939 2168 ,

451 2207 506 2259 ia.
533 2181 580 2257 Et
608 2185 688 2274 quia
714 2198 813 2257 certa
838 2181 914 2276 spes
934 2182 997 2256 ista
1018 2181 1091 2275 est,
1129 2196 1170 2256 ut
1187 2185 1313 2268 animm
1343 2186 1412 2257 vir·

347 2299 408 2360 tus
435 2285 565 2358 divinae
585 2283 834 2356 misericordiae
849 2285 1104 2375 multiplicetur
1120 2286 1279 2372 auxili03
1313 2283 1412 2357 debi-

296 2403 298 2416 ·
348 2400 420 2460 tam
438 2386 490 2457 ob
508 2382 543 2456 id
565 2387 607 2471 ab
628 2386 794 2457 omnibus
810 2382 894 2458 Deo
911 2381 1166 2459 confeffionem
1185 2383 1337 2474 fatetur,
1364 2385 1412 2458 di·

309 2566 312 2575 ,
350 2508 460 2561 cens:
500 2486 727 2575 Confitearttur
755 2484 836 2570 rili,
873 2489 1031 2572 Domine,
1060 2510 1163 2555 omues
1189 2509 1270 2578 reges
1301 2503 1413 2557 terre:

348 2594 423 2685 quia
446 2588 619 2657 audierunt
635 2591 740 2655 omnia
760 2586 858 2655 verba
875 2590 939 2655 oris
961 2591 1023 2660 lui.
1086 2587 1133 2655 Er
1147 2600 1278 2656 content
1291 2590 1331 2655 in
1348 2589 1412 2656 viis

350 2690 507 2759 Domini:
541 2691 688 2780 quoniam
705 2710 815 2774 magna
833 2684 985 2780 eslgloric
1001 2689 1155 2779 Domini3
1192 2690 1345 2783 quoniam
1364 2710 1413 2756 ex·

347 2788 440 2865 celius
463 2788 640 2871 Dominus,
681 2786 719 2860 U
742 2787 877 2855 humilio
900 2787 1038 2879 respicit,
1071 2785 1110 2861 (ἵ
1129 2788 1198 2856 olto
1214 2787 1352 2880 delonge
1369 2812 1414 2855 co·

344 2886 476 2978 gnoscir.
523 2881 573 2954 Et
589 2905 679 2973 qttos
696 2906 796 2980 reges
820 2898 924 2957 terrae
937 2884 1118 2978 Propheta
1131 2883 1317 2981 significet,
1342 2887 1414 2976 jam

349 2987 386 3057 in
402 2983 560 3076 plurimis
577 2982 717 3056 Psalmis
732 2982 906 3057 ostensum
924 2983 985 3057 est.
1040 2990 1135 3078 Reges
1147 3005 1223 3059 non
1237 2986 1414 3080 gentium,

348 3082 410 3159 secl
426 3100 528 3167 terre,
555 3083 589 3153 id
607 3083 671 3171 est,
697 3082 745 3154 sui
759 3085 1038 3175 uniuscujusque
1054 3087 1218 3178 corporis
1237 3106 1340 3181 reges
1358 3085 1417 3157 de·

327 3182 488 3259 'linente
515 3203 535 3253 a
562 3180 596 3254 se
624 3204 738 3277 regno
757 3185 925 3274 peccati·
972 3187 1106 3256 Vocati
1129 3187 1220 3258 enim
1241 3184 1360 3257 sumus
1380 3185 1416 3256 in

348 3303 498 3378 regnum
518 3285 705 3371 celorum,
731 3304 844 3376 regno
863 3285 990 3355 mortis
1009 3283 1150 3358 everso.
1199 3285 1305 3357 Mors
1321 3286 1417 3357 enim

352 3384 520 3477 regnavit
534 3383 578 3452 ab
594 3381 707 3453 Adam
721 3403 835 3469 usque
850 3383 891 3454 ad
906 3382 1061 3473 Moysen
1072 3410 1090 3453 :¹
1108 3384 1141 3456 u
1149 3385 1218 3476 jain
1229 3387 1418 3475 unusquis·

350 3504 423 3573 que
442 3503 506 3553 rex
525 3479 604 3554 suus
628 3481 679 3553 est
695 3481 888 3568 secundum
905 3483 1139 3574 Apostolum:
1166 3486 1243 3577 Jam
1259 3482 1334 3555 sine
1354 3504 1417 3557 no·

331 3583 404 3657 ¹bis
423 3580 591 3675 regnatis.
643 3581 783 3673 Horum
805 3582 912 3675 igitur
931 3582 1104 3672 confeffio
1123 3583 1207 3655 Deo
1227 3583 1334 3676 digna
1357 3583 1418 3656 est.

348 3678 559 3773 Audierunt
576 3681 671 3754 enirn
689 3682 808 3755 omnia
830 3684 945 3755 verba
964 3682 1037 3754 otis
1052 3681 1136 3774 Dei,
1166 3683 1251 3756 &in
1267 3703 1374 3779 reges
1386 3681 1420 3755 se

352 3778 571 3855 constitutos
588 3778 714 3856 sciunt.

452 3899 509 3967 13.
534 3878 667 3971 Neque
692 3878 805 3977 solum
825 3880 1061 3968 confiteantur,
1098 3878 1156 3952 sed
1177 3879 1210 3952 bt
1228 3895 1359 3953 cantent
1378 3885 1419 3949 in

349 3979 419 4049 viis
446 3980 603 4068 Domini,
641 3980 1045 4075 non'transgredientes
1064 3981 1141 4052 vias
1166 3979 1259 4072 Dei,
1299 3979 1422 4053 sedin

350 4076 405 4151 his
436 4090 576 4153 euntes.
636 4080 715 4153 Viae
738 4095 857 4155 autem
878 4080 949 4153 Dei
971 4079 1052 4155 sunt
1075 4079 1266 4176 Prophetae
1291 4100 1423 4255 unges
