3317 4900
286 403 398 507 'mr
663 417 1054 504 &.Hrrirrr

328 608 376 662 ex
394 574 558 679 AEgypto
572 576 731 673 Moysen
746 575 873 658 duc‘em
890 582 1012 679 elegit,
1038 577 1098 655 sed
1111 576 1310 672 nerfefflue
1320 595 1401 662 ore-²

331 682 499 764 mor-fuit
515 682 723 755 humilitatis
744 680 894 772 nostrae,
933 701 1014 754 cum
1033 679 1141 774 ipsam
1157 682 1399 761 humilitatem

332 783 489 863 nostram
511 794 712 874 corporeus
733 794 837 854 natus
858 778 1028 871 esiumsrt,
1061 781 1238 857 cumhoc
1260 784 1399 861 humile
1445 784 1450 797 '

333 897 589 973 terrenumque
610 900 743 973 corpur
764 881 878 975 glorie
899 881 934 952 in
952 878 989 953 se
1005 880 1313 972 naturecoeiestis
1341 887 1398 959 ri>

334 982 473 1073 sorpit.
536 978 665 1072 Neque
686 993 774 1052 tune
796 979 950 1055 redemit
963 979 1008 1052 de
1026 999 1133 1053 meno
1146 977 1399 1067 inimicorumr

336 1104 418 1160 cum
438 1102 503 1154 eor
522 1100 541 1152 r
560 1079 744 1170 dominatu
761 1076 1018 1173 AEgyptiorum
1033 1080 1185 1161 eremite
1213 1082 1400 1174 nempost·

337 1205 380 1259 ea
402 1180 552 1254 inimicis
572 1176 699 1252 subditi
725 1176 825 1269 sunt,
867 1178 1031 1253 &hodie
1042 1178 1123 1271 iure
1138 1181 1244 1253 alieni
1262 1182 1400 1276 imperii

339 1294 574 1358 coercentur:
599 1275 658 1351 sed
673 1278 824 1350 redemit
839 1299 923 1359 noe,
948 1292 1030 1352 cum
1043 1277 1325 1372 sepropeeertie
1337 1303 1405 1355 no·

338 1381 416 1458 stris
430 1380 539 1455 dedit,
564 1377 716 1451 redemit
730 1398 798 1449 nos
813 1398 877 1469 per
891 1375 1092 1471 sanguinem
1111 1375 1225 1471 ioum,
1251 1401 1317 1472 per
1331 1382 1402 1473 pas·

339 1481 475 1564 sionem
494 1477 610 1568 suam,
636 1496 700 1569 per
719 1490 875 1552 mortem
892 1477 1003 1568 suem,
1025 1497 1088 1570 per
1107 1476 1403 1558 resurrectionem

341 1578 448 1657 suam.
500 1577 586 1650 Haec
602 1594 728 1671 magne
743 1576 828 1648 vitae
843 1575 973 1650 nostrae
985 1577 1101 1669 pretia
1118 1575 1210 1654 sunt.
1261 1579 1403 1676 Magno

341 1680 450 1764 enim,
476 1679 525 1747 air
541 1674 755 1769 Apostoius,
778 1678 899 1769 pretio
911 1676 1061 1750 redemti
1080 1675 1180 1751 estis:
1204 1675 1410 1753 &redemti

318 1843 321 1848 ,
343 1759 387 1855 eir
408 1777 579 1866 inimicis,
617 1775 820 1868 ediaboio,
853 1776 1162 1870 arrangement,
1192 1772 1305 1850 ofilio
1322 1799 1408 1871 per.

343 1877 516 1967 ditionis,
543 1876 797 1967 eprincipibus
815 1875 925 1966 aeris,
953 1875 1334 1970 amundiporentibus‚
1361 1880 1409 1953 ab

278 2046 282 2056 .
343 1977 486 2053 inimici
503 1990 631 2049 morte.
683 1971 731 2046 Et
748 1972 1025 2049 redemirescrm
1047 1974 1167 2050 dando
1181 1977 1409 2053 omnicerni:

346 2081 416 2171 Qui
435 2079 490 2146 dut
505 2074 598 2163 efiom
613 2080 700 2145 omni
712 2081 813 2150 corni.
866 2079 963 2145 Omni
976 2078 1086 2168 carni,
1113 2076 1150 2148 id
1167 2074 1237 2169 est,
1261 2097 1343 2169 quae
1355 2097 1411 2150 re·

346 2178 466 2251 demta
482 2173 553 2266 est,
580 2173 640 2246 dat
656 2171 768 2248 escam
785 2178 1070 2267 incurrionem,
1094 2183 1285 2266 eternam,
1310 2178 1411 2269 panio

346 2280 449 2366 vivi,
476 2275 576 2367 panis
593 2271 755 2349 coeiestis.
805 2270 1149 2370 Etinirisimguiir,
1176 2276 1275 2367 quod
1297 2275 1412 2351 humi·

348 2375 458 2452 litatis
482 2371 610 2446 nostrae
625 2392 762 2446 memor
779 2373 844 2466 est,
869 2375 968 2465 quod
986 2374 1136 2451 redemti
1152 2370 1285 2466 sumus,
1313 2374 1412 2468 quod

350 2475 468 2550 omnis
482 2473 725 2547 redemtorum
742 2494 828 2548 caro
845 2474 958 2549 escam
978 2477 1128 2567 rccipit3
1165 2496 1207 2548 er
1222 2475 1326 2549 causa
1341 2476 1413 2561 est,

375 2581 500 2644 uoniam
514 2580 551 2644 in
562 2576 693 2660 seculum
704 2575 909 2660 misericordia
923 2580 1008 2672 ejus,·
1033 2575 1066 2646 ἃ
1082 2572 1159 2669 (ob
1176 2575 1315 2667 quodei
1327 2596 1416 2650 con·

350 2603 525 2749 {tendum
552 2672 612 2749 est.
667 2675 871 2766 confitemini
890 2678 984 2749 enim
1006 2679 1073 2744 Deo
1087 2676 1173 2764 celi,
1193 2681 1355 2773 'quoniam
1379 2683 1415 2748 in

346 2773 450 2866 secuta
475 2770 681 2865 misericordia
705 2770 815 2874 ejus.)
863 2777 976 2870 Quod
1000 2775 1149 2868 curium,
1183 2775 1281 2866 quod
1297 2791 1415 2868 terra,

354 2872 454 2965 quod
481 2887 601 2946 cetera
616 2875 715 2965 suot,
748 2873 909 2966 &ipsum
928 2874 1044 2964 illud,
1069 2874 1168 2966 quod
1190 2873 1325 2962 sumus,
1352 2878 1416 2966 qui

354 2993 432 3047 non
456 2971 607 3064 fuimus,
643 2974 912 3065 quodminus,
948 2973 1046 3063 quod
1067 2973 1294 3065 mosomus,
1332 2995 1418 3046 cau·

355 3069 425 3147 sam
442 3071 542 3144 aliern
560 3094 635 3146 non
647 3073 780 3166 hebet,
813 3074 875 3149 nisi
890 3072 1136 3147 misericordie
1155 3073 1242 3146 Dei:
1270 3075 1351 3165 quio
1374 3076 1418 3149 ad

358 3168 579 3245 consortium
591 3175 771 3246 bonorum
788 3172 1112 3248 suorunnascinos
1126 3175 1329 3264 voluitille,
1359 3176 1418 3265 qui

356 3269 554 3354 bonusest.
611 3272 717 3352 Unus
739 3274 830 3347 enirn
848 3272 967 3347 bonus
988 3269 1058 3361 est,
1090 3273 1139 3346 ait
1155 3271 1334 3346 Dominus
1353 3295 1420 3345 no·

358 3368 429 3446 ster
450 3365 550 3467 Jesus
566 3368 746 3468 Christus,
772 3373 834 3467 qui
851 3371 902 3449 est
918 3366 1124 3450 beneditiur
1142 3375 1177 3448 io
1193 3371 1311 3448 secula
1325 3371 1422 3450 secu*

355 3469 489 3557 ‘lorum
515 3467 664 3550 Amen.
