3317 4900
287 4202 303 4325 ,1

331 377 404 528 ¹33
502 495 504 512 ,
616 407 706 502 t.
755 421 1059 506 lit-narrt

332 588 522 692 principali
546 588 608 661 illa
626 584 696 662 Dei
718 585 970 661 benedittiona
987 587 1101 660 homo
1123 585 1298 682 gignitur,
1332 586 1401 681 spi.

334 706 405 773 rat
431 687 613 763 excrescit.
664 683 726 760 Est
742 707 829 781 ergo
846 689 981 759 bonum
997 701 1105 777 atque
1118 689 1325 779 jucundum,
1353 702 1399 762 ut

336 803 360 874 ἰ
379 790 502 888 gentili
523 807 681 879 errore,
704 787 831 877 idest,
868 786 1055 879 apuniana
1068 787 1232 860 Hermon
1248 809 1398 861 venera·

335 891 443 986 done
461 888 699 976 descendens,
725 886 767 958 ud
787 885 900 976 Sion,
926 885 1047 978 idoli,
1074 889 1116 958 ad
1130 903 1271 960 aeternar
1287 890 1399 960 beati·

331 990 474 1071 ,tudinis
495 988 639 1061 dornum
656 1000 832 1076 transeat,
859 986 1010 1078 dr-eum,
1034 989 1093 1076 qui
1113 985 1223 1059 salute
1237 989 1399 1062 omnium

335 1091 503 1181 letatur,
527 1085 707 1176 oblestet,
732 1087 784 1157 ob
802 1086 857 1159 idt
883 1089 1045 1178 Quoniam
1067 1088 1131 1156 illic
1147 1089 1314 1156 mondavit
1333 1089 1401 1156 Do-

337 1196 447 1274 ninus
465 1187 725 1273 beneditiimrem,
758 1186 796 1262 U
817 1192 922 1256 vitam
941 1192 1085 1283 usquein
1095 1188 1216 1276 feculnt
1255 1189 1291 1257 in
1310 1185 1401 1259 Sion

335 1285 497 1404 indicet,
523 1288 584 1359 vel
605 1289 710 1359 etiam
732 1287 767 1358 in
788 1287 1021 1358 unanimitate
1037 1287 1318 1359 cohabitantium
1331 1284 1402 1358 fra·

337 1401 448 1463 trum
498 1384 770 1460 Beneditiioner
790 1387 881 1458 enim
900 1383 1054 1458 Ecclesra
1072 1385 1144 1459 sola
1160 1386 1321 1480 largitur,
1346 1387 1403 1456 vi·

337 1501 413 1563 tam
427 1502 594 1562 eternam
604 1477 815 1558 unanimitas
825 1503 1063 1575 promeretur.
1116 1487 1187 1577 Qui
1202 1486 1291 1556 dixit
1305 1486 1403 1560 enim

339 1603 483 1663 eterne
504 1588 590 1658 vitae
610 1588 705 1659 viam
729 1585 907 1675 pandens,
944 1586 1080 1681 diligite
1096 1586 1272 1674 invicem,
1311 1584 1402 1656 ficut

340 1707 412 1782 ego
428 1685 534 1759 dilexi
556 1705 649 1773 vos,
676 1705 750 1755 non
771 1685 921 1756 mendax
941 1684 1003 1759 est.
1055 1684 1115 1756 Eli
1136 1687 1228 1756 enim
1246 1681 1319 1774 ipse
1336 1704 1403 1756 ve·

338 1787 447 1876 ritas,
474 1786 547 1864 via,
573 1785 660 1868 vita,
689 1784 867 1855 Dominus
886 1784 1008 1855 noster-
1029 1781 1122 1871 lesus
1143 1783 1314 1875 Christus,
1340 1784 1403 1876 qui

338 1883 392 1964 est
405 1879 613 1970 benedictus
629 1885 667 1958 in
685 1880 799 1957 secula
816 1882 1027 1959 seculorum.
1076 1884 1207 1961 Amen.

347 2065 1406 2123 β--μ--υ--ὸ--ι--ι--ι--δι-

726 2242 1018 2298 INCIPIT

378 2415 384 2430 .
481 2366 805 2483 :rsnsuus
842 2370 998 2449 urus
1034 2325 1242 2449 cxxxrr.

351 2520 357 2531 ’
449 2522 543 2601 EX
599 2524 839 2598 conice·
906 2522 1306 2601 VERONENSI.

270 2708 272 2713 .
341 2677 453 2851 Em
473 2698 568 2770 quam
590 2673 704 2743 huam
727 2673 789 2770 est,
821 2674 861 2751 U
869 2674 1045 2771 jucundum
1060 2672 1208 2744 habitare
1217 2671 1348 2771 fratres
1366 2677 1408 2744 in

433 2797 545 2844 linum.

442 2871 585 2945 Bonum
602 2872 842 2962 &iucundum
859 2871 909 2946 est
924 2874 960 2944 in
971 2891 1081 2946 unum
1096 2872 1256 2945 habitare
1266 2869 1407 2947 fratres.

342 2964 438 3049 Cum
462 2972 630 3044 inunum
655 2973 838 3061 habitant,
873 2988 1062 3044 conventu
1077 2967 1243 3045 Ecclesiae
1258 2990 1410 3062 congre·

333 3103 335 3107 ·
341 3084 490 3169 gantur:
525 3090 604 3144 cum
622 3070 749 3143 fratres
769 3085 1045 3163 nuncupantur,
1069 3072 1182 3144 unicae
1204 3073 1411 3145 voluntatis

344 3169 520 3247 charitate
534 3171 738 3242 concordes
755 3168 847 3246 lunt.
898 3167 956 3241 Ad
973 3171 1120 3261 primam
1137 3171 1231 3243 enim
1250 3160 1410 3260 Aposto-

341 3270 463 3345 lorum
479 3269 768 3359 praedicationem
791 3269 865 3343 hoc
880 3290 1045 3365 magnum
1066 3285 1282 3364 preceptum
1306 3265 1411 3343 fullio

341 3365 518 3465 legimus,
546 3370 644 3461 quod
666 3369 812 3442 dicitur:
850 3370 936 3440 Erat
956 3375 1042 3440 enim
1061 3376 1200 3440 omnium
1214 3371 1410 3441 credentium

242 3468 244 3473 ’
343 3492 412 3554 err,
440 3470 478 3547 U
492 3475 603 3539 anima
616 3494 692 3539 una.
744 3468 829 3543 Hoc
846 3470 966 3558 itaque
982 3471 1121 3561 populo
1137 3469 1205 3543 Dei
1224 3470 1409 3562 congruit,

340 3566 408 3649 sub
425 3589 498 3643 uno
516 3567 621 3643 Patre
640 3568 766 3643 fratres
784 3565 867 3658 ess'e,
893 3569 955 3642 sub
972 3569 1189 3659 unoSpiritu
1203 3590 1313 3641 unum
1325 3566 1410 3658 elle,

342 3664 407 3746 sub
426 3689 496 3743 uua
517 3669 628 3741 domo
648 3669 844 3741 unianimes
866 3668 1045 3758 incidere,
1079 3667 1142 3741 sub
1161 3690 1236 3742 uno
1252 3687 1413 3760 corporo

345 3771 452 3843 unius
469 3771 635 3861 corporis
648 3769 805 3842 membra
818 3764 900 3843 eise.
951 3767 1151 3859 Jneundum
1169 3768 1345 3842 &bonum
1360 3762 1412 3837 est

344 3864 510 3941 habitare
521 3868 693 3943 statresin
704 3887 825 3942 unum.
877 3862 1415 3962 Comparationemverohujut

345 3960 437 4045 bon
451 3967 672 4064 iucundique
687 3965 870 4065 Propheta
884 3966 1095 4063 constituit,
1121 3969 1262 4045 diceus:

1265 4169 1365 4238 Sicut
